=LDR  01586cam a2200445Ia 4500
=001  9915485423507426
=005  20240620171857.0
=008  030917s1957\\\\ncuab\\\\b\\\f000\0\eng\d
=016  7\$aCAT11138449$2DNAL
=035  \\$a905203
=035  \\$a(OCoLC)50531280
=035  \\$a(DNAL)905203-naldb-Voyager
=040  \\$aVXG$beng$cVXG$dAGL$dKLG$dLHL$dOCLCF$dOCLCQ$dOCLCO$dAGM
=049  \\$aAGLL
=050  \0$aSD144.A15$bS73 no. 82
=070  0\$a1.9622$bS4St2 no. 82
=072  \0$aF700
=072  \0$aK001
=086  0\$aA 13.63/9:82
=100  1\$aCooper, Robert W.$q(Robert Warren),$d1921-
=245  10$aSilvical characteristics of sand pine /$cby Robert W. Cooper.
=260  \\$aAsheville, N.C. :$bU.S. Dept. of Agriculture, Forest Service, Southeastern Forest Experiment Station,$c[1957]
=300  \\$a8 pages :$billustrations, map ;$c27 cm.
=336  \\$atext$btxt$2rdacontent
=337  \\$aunmediated$bn$2rdamedia
=338  \\$avolume$bnc$2rdacarrier
=490  1\$aStation paper ;$vno. 82
=504  \\$aIncludes bibliographical references (page 8).
=591  \\$bNAL Reclamation
=593  \\$fAgricola CAT
=650  \0$aPinus clausa.$0http://id.loc.gov/authorities/subjects/sh85102287
=650  \3$aPinus clausa.
=655  \3$aInternet resource.
=830  \0$aStation paper (Southeastern Forest Experiment Station (Asheville, N.C.)) ;$vno. 82.
=856  41$uhttps://archive.org/details/silvicalcharacte82coop
=912  \\$analcatalog
=930  \\$a20140702$b20140807$c00000000
=945  \\$dML$e2003/09/11$fRY$g2003/09/17$n1
=945  \\$p16
=945  \\$aDigiMet
=946  \\$aUSDA
=994  \\$a92$bAGL

