=LDR  01823cam a2200469 a 4500
=001  9915485424607426
=005  20240620171856.0
=008  030911s1958\\\\ncua\\\\\b\\\f000\0\eng\\
=016  7\$aCAT11138288$2DNAL
=035  \\$a905043
=035  \\$a(OCoLC)52961462
=035  \\$a(DNAL)905043-naldb-Voyager
=040  \\$aAGL$beng$cAGL$dKLG$dOCLCF$dOCLCQ$dOCLCO$dNOC$dAGM$dINT$dOCLCA$dOCLCQ$dAGL
=049  \\$aAGLL
=050  \0$aSD144.A15$bS73 no. 95
=070  0\$a1.9622$bS4St2 no. 95
=072  \0$aK200
=086  0\$aA 13.63/9:95
=100  1\$aSluder, Earl R.$0http://id.loc.gov/authorities/names/n82067154
=245  10$aControl of cull trees and weed species in hardwood stands /$cby Earl R. Sluder.
=260  \\$aAsheville, N.C. :$bU.S. Dept. of Agriculture, Forest Service Southeastern Forest Experiment Station,$c[1958]
=300  \\$a13 pages :$billustrations ;$c27 cm
=336  \\$atext$btxt$2rdacontent
=337  \\$aunmediated$bn$2rdamedia
=338  \\$avolume$bnc$2rdacarrier
=490  1\$aStation paper ;$vno. 95
=504  \\$aIncludes bibliographical references (pages 12-13).
=591  \\$bNAL Reclamation
=593  \\$fAgricola CAT
=650  \0$aHardwoods.$0http://id.loc.gov/authorities/subjects/sh85058896
=650  \3$aWeed control.
=650  \3$aHardwood.
=655  \3$aInternet resource.
=710  1\$aUnited States.$bDepartment of Agriculture.
=710  2\$aSoutheastern Forest Experiment Station (Asheville, N.C.)$0http://id.loc.gov/authorities/names/n79063970
=830  \0$aStation paper (Southeastern Forest Experiment Station (Asheville, N.C.)) ;$vno. 95.
=856  41$uhttps://archive.org/details/controlofculltre95slud
=912  \\$analcatalog
=930  \\$a20140702$b20140807$c00000000
=945  \\$dDF$e2003/09/03$fRY$g2003/09/11$n1
=945  \\$p20
=945  \\$aDigiMet
=946  \\$aUSDA
=994  \\$a92$bAGL

