=LDR  01676cam a2200457Ia 4500
=001  9915485429307426
=005  20240620171917.0
=008  030917s1958\\\\ncuab\\\\b\\\f000\0\eng\d
=016  7\$aCAT11138452$2DNAL
=035  \\$a905206
=035  \\$a(OCoLC)50545016
=035  \\$a(DNAL)905206-naldb-Voyager
=040  \\$aVXG$beng$cVXG$dAGL$dKLG$dMTG$dOCLCF$dOCLCQ
=049  \\$aAGLL
=050  \0$aSD144.A15$bS73 no. 89
=070  0\$a1.9622$bS4St2 no. 89
=072  \0$aF700
=072  \0$aF100
=072  \0$aK001
=086  0\$aA 13.63/9:89
=100  1\$aRenshaw, James F.
=245  10$aSilvical characteristics of yellow-poplar (Liriodendron tulipifera L.) /$cby James F. Renshaw and Warren T. Doolittle.
=260  \\$aAsheville, N.C. :$bU.S. Dept. of Agriculture, Forest Service, Southeastern Forest Experiment Station,$c[1958]
=300  \\$a18 pages :$billustrations, map ;$c27 cm.
=336  \\$atext$btxt$2rdacontent
=337  \\$aunmediated$bn$2rdamedia
=338  \\$avolume$bnc$2rdacarrier
=490  1\$aStation paper ;$vno. 89
=504  \\$aIncludes bibliographical references (pages 15-18).
=591  \\$bNAL Reclamation
=593  \\$fAgricola CAT
=650  \0$aLiriodendron tulipifera.$0http://id.loc.gov/authorities/subjects/sh85077428
=655  \3$aInternet resource.
=700  1\$aDoolittle, Warren T.$q(Warren Truman),$d1921-
=830  \0$aStation paper (Southeastern Forest Experiment Station (Asheville, N.C.)) ;$vno. 89.
=856  41$uhttps://archive.org/details/silvicalcharacte89rens
=912  \\$analcatalog
=930  \\$a20140702$b20140807$c00000000
=945  \\$dML$e2003/09/12$fRY$g2003/09/17$n1
=945  \\$p24
=945  \\$aDigiMet
=946  \\$aUSDA
=994  \\$a92$bAGL

