=LDR  03319cam a2200517Ia 4500
=001  9915485430207426
=005  20240620171900.0
=008  030924s1962\\\\ncua\\\\\\\\\f000\0\eng\\
=016  7\$aCAT11138574$2DNAL
=035  \\$a905327
=035  \\$a(OCoLC)52955495
=035  \\$a(DNAL)905327-naldb-Voyager
=040  \\$aAGL$beng$cAGL$dOCLCQ$dKLG$dMTG$dOCLCF$dOCLCQ$dOCLCA$dAGM
=043  \\$an-usu--
=049  \\$aAGLL
=050  \0$aSD144.A15$bS73 no. 142
=070  0\$a1.9622$bS4St2 no. 142
=072  \0$aK120
=086  0\$aA 13.63/9:142
=100  1\$aHodges, Charles S.,$cJr.,$d1931-
=245  10$aDiseases in Southeastern forest nurseries and their control /$cby Charles S. Hodges, Jr.
=260  \\$aAsheville, N.C. :$bU.S. Dept. of Agriculture, Forest Service, Southeastern Forest Experiment Station,$c[1962]
=300  \\$a16 pages :$billustrations ;$c27 cm.
=336  \\$atext$btxt$2rdacontent
=337  \\$aunmediated$bn$2rdamedia
=338  \\$avolume$bnc$2rdacarrier
=490  1\$aStation paper ;$vno. 142
=520  \\$a"The large increase in planting forest trees in the United States during the last 10 years has resulted in a tremendous increase in the demand for planting stock. This demand has been exceptionally heavy in the South, where favorable growing conditions and the use of fast-growing species have made forest farming a profitable business. Seedling production in southern nurseries increased from 400 million in 1955 to more than a billion in 1959. Although the closing of the Soil Bank Program has curtailed production considerably, seedling demand during the next few years is expected to remain high since thousands of acres of land still need restocking. The increased production of seedlings, often accomplished by increasing the seedling density on existing nurseries, brought about a new awareness of disease problems. Now that production has been lowered somewhat, losses from diseases, insects, and poor agronomic practices must be kept as low as possible to keep down the price per thousand seedlings. This handbook gives descriptions and control of the more common diseases of seedlings of forest trees occurring in southern nurseries.It is divided into four major parts: (1) disease descriptions and specific control measures, (2) general methods and techniques involved in controlling the diseases, (3) list of chemicals and formulations used to control the diseases, and (4) names and addresses of chemical manufacturers."
=530  \\$aAlso available on the Internet.
=591  \\$bNAL Reclamation
=593  \\$fAgricola CAT
=650  \0$aForest nurseries$zSouthern States.
=651  \7$aSouthern States.$2fast$0(OCoLC)fst01244550
=650  \3$aplant diseases and disorders.
=650  \3$aforest nurseries.
=651  \3$aSoutheastern United States.
=710  2\$aSoutheastern Forest Experiment Station (Asheville, N.C.)
=830  \0$aStation paper (Southeastern Forest Experiment Station (Asheville, N.C.)) ;$vno. 142.
=856  41$uhttp://www.srs.fs.usda.gov/pubs/osp/osp_se142.pdf?
=856  41$uhttps://archive.org/details/diseasesinsouthe142hodg
=912  \\$analcatalog
=930  \\$a20140702$b20140807$c00000000
=939  \\$a20040727$b20040804$c00000000
=945  \\$dML$e2003/09/02$fRY$g2003/09/24$n1
=945  \\$p28
=945  \\$aDigiMet
=946  \\$aUSDA
=994  \\$a92$bAGL

