=LDR  01767cas a2200421M  4500
=001  9915486536607426
=005  20240624192307.0
=008  000919d19uu19uuiluuu\\\\\\\\f0\\\\0eng\d
=016  7\$aCAT11081761$2DNAL
=035  \\$a854917
=035  \\$a(OCoLC)1289085281
=035  \\$a(DNAL)854917-naldb-Voyager
=040  \\$aAGL$beng$cAGL
=049  \\$aRQIC
=070  0\$a1.942$bF3R11C
=110  1\$aUnited States.$bWar Food Administration.
=245  10$aRadio round-up on food ... Chicago Ill.
=260  \\$a[Chicago, Ill.
=310  \\$a[Weekly]
=362  1\$aCeased.
=550  \\$aFormerly issued by U.S. Agricultural Marketing Administration in Washington, D.C. (1.942 F3R11) July 22-Dec. 16, 1944, no. 110-131, by U.S. War Food Administration. Office of Distribution; no. 145-165, Mar. 24 - Aug. 18, 1945, U.S. Office of Marketing Services; no. 166-262, Aug. 25, 1945-Je. 27, 1947, U.S. Production and Marketing Administration.
=591  \\$bNAL Reclamation
=593  \\$fAgricola CAT
=650  \0$aFood supply$zUnited States$vPeriodicals.
=650  \0$aWorld War, 1939-1945$xFood supply$zUnited States$vPeriodicals.
=655  \3$aInternet resource.
=710  1\$aUnited States.$bAgricultural Marketing Administration.
=710  1\$aUnited States.$bWar Food Administration.$bOffice of Distribution.
=710  1\$aUnited States.$bOffice of Marketing Services.
=710  1\$aUnited States.$bDepartment of Agriculture.$bProduction and Marketing Administration.
=856  41$uhttps://archive.org/details/usda-radioroundup
=912  \\$analcatalog
=930  \\$a20140505$b20140606$c00000000
=939  \\$a20130724$b20130906$c00000000
=945  \\$aDigiMet
=945  \\$p114
=945  \\$aDigiMet
=945  \\$p96
=945  \\$aDigiMet
=945  \\$p96
=945  \\$aDigiMet
=945  \\$p84
=945  \\$aDigiMet
=945  \\$p56
=945  \\$aDigiMet
=945  \\$p82
=945  \\$aDigiMet
=945  \\$p108
=945  \\$aDigiMet
=945  \\$p86
=945  \\$aDigiMet
=945  \\$p88
=945  \\$aDigiMet
=945  \\$p106
=945  \\$aDigiMet
=945  \\$p124
=945  \\$aDigiMet
=945  \\$p116
=946  \\$aUSDA
=959  \\$c2013-04-02$essouder$gap
=959  \\$c2013-07-24$ergallett$gaccadd
=994  \\$a92$bAGL

