=LDR  02234cas a2200565 a 4500
=001  9915486661107426
=005  20240624192331.0
=008  000919d19341942dcumr\p\\\\\\f0\\\\0eng\c
=010  \\$a  2012229622
=016  7\$aCAT11081646$2DNAL
=035  \\$a854802
=035  \\$a(OCoLC)86116125
=035  \\$a(DNAL)854802-naldb-Voyager
=040  \\$aUIU$beng$cUIU$dUIU$dFUG$dOCLCF$dAGL$dOCLCO$dOCLCQ
=042  \\$apcc
=043  \\$an-us---
=049  \\$aAGLL
=070  0\$a1.9$bEn86N
=086  0\$aA 9.12:
=086  0\$aA 56.12:
=110  1\$aUnited States.$bBureau of Entomology and Plant Quarantine.$0http://id.loc.gov/authorities/names/n82115277
=245  10$aNews letter.
=246  3\$aNewsletter
=260  \\$a[Washington, D.C.] :$bBureau of Entomology and Plant Quarantine,$c1934-
=300  \\$a9 volumes ;$c28 cm
=310  \\$aMonthly
=336  \\$atext$btxt$2rdacontent
=337  \\$aunmediated$bn$2rdamedia
=338  \\$avolume$bnc$2rdacarrier
=362  0\$aVol. 1 (June 1934)-
=362  1\$aCeased with v. 9, no. 4, (Feb. 1942).
=580  \\$aFormed by the union of: Plant Quarantine News letter; Bureau of Entomology Month letter and; Bureau of Plant Industry Blister rust news.
=591  \\$bNAL Reclamation
=593  \\$fAgricola CAT
=650  \0$aEntomology$vPeriodicals.$0http://id.loc.gov/authorities/subjects/sh85044129
=650  \0$aBeneficial insects$zUnited States$vPeriodicals.
=650  \0$aPlant diseases$zUnited States$vPeriodicals.
=651  \7$aUnited States.$2fast$0(OCoLC)fst01204155
=655  \7$aPeriodicals.$2fast$0(OCoLC)fst01411641
=710  1\$aUnited States.$bBureau of Entomology and Plant Quarantine.$0http://id.loc.gov/authorities/names/n82115277
=780  14$aBureau of Plant Quarantine.$tNews letter
=780  14$aUnited States. Bureau of Entomology.$tMonthly letter of the Bureau of Entomology$w(DLC)  2012229582$w(OCoLC)27125564
=780  14$tBlister rust news$w(OCoLC)1780565
=856  41$uhttps://archive.org/details/usda-newsletterentomologyplantquarantine
=912  \\$analcatalog
=930  \\$a20140902$b20141003$c00000000
=939  \\$a20140428$b20140502$c00000000
=945  \\$aDigiMet
=945  \\$vpt. 1
=945  \\$p142
=945  \\$aDigiMet
=945  \\$vpt. 2
=945  \\$p334
=945  \\$aDigiMet
=945  \\$vpt. 3
=945  \\$p352
=945  \\$aDigiMet
=945  \\$vpt. 4
=945  \\$p404
=945  \\$aDigiMet
=945  \\$vpt. 5
=945  \\$p390
=945  \\$aDigiMet
=945  \\$vpt. 6
=945  \\$p410
=945  \\$aDigiMet
=945  \\$vpt. 7
=945  \\$p430
=945  \\$aDigiMet
=945  \\$vpt. 8
=945  \\$p452
=945  \\$aDigiMet
=945  \\$vpt. 9
=945  \\$p110
=946  \\$aUSDA
=959  \\$c2014-04-28$ejgilbert$gupgrade
=994  \\$a92$bAGL

