=LDR  01915cas a2200445M  4500
=001  9915486665107426
=005  20240624192333.0
=008  000919d19uu19uucouuu\\\\\\\\f0\\\\0eng\d
=016  7\$aCAT11081765$2DNAL
=035  \\$a854921
=035  \\$a(OCoLC)1289009631
=035  \\$a(DNAL)854921-naldb-Voyager
=040  \\$aAGL$beng$cAGL
=049  \\$aRQIC
=070  0\$a1.942$bF3R11D
=110  1\$aUnited States.$bWar Food Administration.
=245  10$aRadio round-up on food ... Rocky Mountain Region ... Denver, Colorado.
=246  1\$iTitle varies, Apr. 21, 1945-Je. 27, 1947:$aRadio round-up
=260  \\$a[Denver, Col.
=310  \\$a[Weekly]
=362  1\$aCeased.
=550  \\$aFormerly issued by U.S. Agricultural Marketing Administration in Washington, D.C. (1.942 F3R11).
=550  \\$aIssuing office varies: Apr. 1, 1944-Apr. 14, 1945, U.S. War Food Administration. Office of Distribution. Apr. 21-July 21, 1945, U.S. War Food Administration. July 28-Nov. 23, 1945, U.S. Dept. of Agriculture. Nov. 30, 1945-June 27, 1947, U.S. Production and Marketing Administration.
=591  \\$bNAL Reclamation
=593  \\$fAgricola CAT
=650  \0$aFood supply$zUnited States$vPeriodicals.
=650  \0$aWorld War, 1939-1945$xFood supply$zUnited States$vPeriodicals.
=655  \3$aInternet resource.
=710  1\$aUnited States.$bAgricultural Marketing Administration.
=710  1\$aUnited States.$bWar Food Administration.$bOffice of Distribution.
=710  1\$aUnited States.$bDepartment of Agriculture.
=710  1\$aUnited States.$bDepartment of Agriculture.$bProduction and Marketing Administration.
=856  41$uhttps://archive.org/details/usda-radioroundup
=912  \\$analcatalog
=930  \\$a20140505$b20140606$c00000000
=939  \\$a20130724$b20130906$c00000000
=945  \\$aDigiMet
=945  \\$p88
=945  \\$aDigiMet
=945  \\$p26
=945  \\$aDigiMet
=945  \\$p88
=945  \\$aDigiMet
=945  \\$p16
=946  \\$aUSDA
=959  \\$c2013-04-02$essouder$gap
=959  \\$c2013-07-24$ergallett$gaccadd
=994  \\$a92$bAGL

