=LDR  02030cas a2200457M  4500
=001  9915486665907426
=005  20240624192332.0
=008  000919d19uu19uugauuu\\\\\\\\f0\\\\0eng\d
=016  7\$aCAT11081760$2DNAL
=035  \\$a854916
=035  \\$a(OCoLC)1288981735
=035  \\$a(DNAL)854916-naldb-Voyager
=040  \\$aAGL$beng$cAGL
=049  \\$aRQIC
=070  0\$a1.942$bF3R11A
=110  1\$aUnited States.$bWar Food Administration.
=245  10$aRadio round-up on food ... Atlanta Ga.
=246  1\$iTitle varies, May 12, 1945-June 16, 1947:$aRadio round-up
=260  \\$a[Atlanta, Ga.
=310  \\$a[Weekly]
=362  1\$aCeased.
=550  \\$aIssuing office varies: Apr. 15, 1944-Dec. 30, 1944, U.S. War Food Administration. Office of Distribution. 1945, Jan. 6-20, Mar. 17-Apr. 14, U.S. Office of Marketing Services. Apr. 21-Aug. 4, Jan. 27-Feb. 24, 1945, U.S. War Food Administration. Aug. 18-Dec. 14, 1945, U.S. Dept. of Agriculture. Dec. 21, 1945-Je. 16, 1947, U.S. Production and Marketing Administration.
=550  \\$aFormerly issued by U.S. Agricultural Marketing Administration in Washington, D.C. (1.942 F3R11).
=591  \\$bNAL Reclamation
=593  \\$fAgricola CAT
=650  \0$aFood supply$zUnited States$vPeriodicals.
=650  \0$aWorld War, 1939-1945$xFood supply$zUnited States$vPeriodicals.
=655  \3$aInternet resource.
=710  1\$aUnited States.$bOffice of Marketing Services.
=710  1\$aUnited States.$bWar Food Administration.$bOffice of Distribution.
=710  1\$aUnited States.$bDepartment of Agriculture.
=710  1\$aUnited States.$bDepartment of Agriculture.$bProduction and Marketing Administration.
=710  1\$aUnited States.$bAgricultural Marketing Administration.
=856  41$uhttps://archive.org/details/usda-radioroundup
=912  \\$analcatalog
=930  \\$a20140505$b20140606$c00000000
=939  \\$a20130724$b20130906$c00000000
=945  \\$aDigiMet
=945  \\$p110
=945  \\$aDigiMet
=945  \\$p116
=945  \\$aDigiMet
=945  \\$p106
=945  \\$aDigiMet
=945  \\$p100
=945  \\$aDigiMet
=945  \\$p110
=945  \\$aDigiMet
=945  \\$p110
=945  \\$aDigiMet
=945  \\$p102
=945  \\$aDigiMet
=945  \\$p112
=945  \\$aDigiMet
=945  \\$p116
=945  \\$aDigiMet
=945  \\$p20
=945  \\$aDigiMet
=945  \\$p116
=945  \\$aDigiMet
=945  \\$p110
=945  \\$aDigiMet
=945  \\$p108
=945  \\$aDigiMet
=945  \\$p112
=945  \\$aDigiMet
=945  \\$p106
=945  \\$aDigiMet
=945  \\$p108
=945  \\$aDigiMet
=945  \\$p110
=945  \\$aDigiMet
=945  \\$p128
=946  \\$aUSDA
=959  \\$c2013-04-02$essouder$gap
=959  \\$c2013-07-24$ergallett$gaccadd
=994  \\$a92$bAGL

