=LDR  01238cas a2200373M  4500
=001  9915486728307426
=005  20240624192326.0
=008  000919d19uu19uuiauuu\\\\\\\\f0\\\\0eng\d
=016  7\$aCAT11081763$2DNAL
=035  \\$a854919
=035  \\$a(OCoLC)1289038640
=035  \\$a(DNAL)854919-naldb-Voyager
=040  \\$aAGL$beng$cAGL
=049  \\$aRQIC
=070  0\$a1.942$bF3R11De
=110  1\$aUnited States.$bWar Food Administration.
=245  10$aRadio round-up on food ... Des Moines, Iowa.
=260  \\$a[Des Moines, Ia.
=310  \\$a[Weekly]
=362  1\$aCeased.
=550  \\$aFormerly issued by U.S. Agricultural Marketing Administration in Washington, D.C. (1.942 F3R11).
=591  \\$bNAL Reclamation
=593  \\$fAgricola CAT
=650  \0$aFood supply$zUnited States$vPeriodicals.
=650  \0$aWorld War, 1939-1945$xFood supply$zUnited States$vPeriodicals.
=655  \3$aInternet resource.
=710  1\$aUnited States.$bAgricultural Marketing Administration.
=856  41$uhttps://archive.org/details/usda-radioroundup
=912  \\$analcatalog
=930  \\$a20140505$b20140606$c00000000
=939  \\$a20130730$b20130906$c00000000
=945  \\$aDigiMet
=945  \\$p90
=945  \\$aDigiMet
=945  \\$p62
=945  \\$aDigiMet
=945  \\$p90
=945  \\$aDigiMet
=945  \\$p34
=946  \\$aUSDA
=959  \\$c2013-07-24$ergallett$gaccadd
=994  \\$a92$bAGL

