=LDR  01519cas a2200385M  4500
=001  9915486823507426
=005  20240624192326.0
=008  000919d19uu19uudcuuu\\\\\\\\f0\\\\0eng\d
=016  7\$aCAT11081759$2DNAL
=035  \\$a854915
=035  \\$a(OCoLC)1289017813
=035  \\$a(DNAL)854915-naldb-Voyager
=040  \\$aAGL$beng$cAGL
=049  \\$aRQIC
=070  0\$a1.942$bF3R11
=110  1\$aUnited States.$bAgricultural Marketing Administration.
=245  10$aRadio round-up on food ...
=260  \\$a[Washington.
=300  \\$a1 v.
=310  \\$a[Weekly]
=362  1\$aCeased.
=580  \\$aContinued with same title by a separate edition from each of the seven regional headquarters of the U.S. Food distribution administration. (Atlanta, Ga., 1.942 F3R11A ; Chicago, Ill., 1.942 F3R11C ; Denver, Colo.; 1.942 F3R11D ; Des Moines, Ia., 1.942 F3R11Da ; Dallas, Tex., 1.942 F3R11Da ; New York, N.Y., 1.942 F3R11N ; San Francisco, Calif., 1.942 F3R11S ).
=591  \\$bNAL Reclamation
=593  \\$fAgricola CAT
=650  \0$aWorld War, 1939-1945$zUnited States$vPeriodicals.
=650  \0$aFood supply$zUnited States$vPeriodicals.
=655  \3$aInternet resource.
=785  00$aUnited States. Food Distribution Administration.$tRadio round-up on food ...
=856  41$uhttps://archive.org/details/usda-radioroundup
=912  \\$analcatalog
=930  \\$a20140505$b20140606$c00000000
=939  \\$a20130724$b20130906$c00000000
=945  \\$aDigiMet
=945  \\$p70
=945  \\$aDigiMet
=945  \\$p72
=945  \\$aDigiMet
=945  \\$p22
=945  \\$aDigiMet
=945  \\$p130
=946  \\$aUSDA
=959  \\$c2013-07-24$ergallett$gap
=994  \\$a92$bAGL

