=LDR  00822cas a2200289M  4500
=001  9915486826607426
=005  20240621212331.0
=008  000919d19uu19uudcuuu\\\\\\\\f0\\\\0eng\d
=016  7\$aCAT11081829$2DNAL
=035  \\$a854985
=035  \\$a(OCoLC)1289125827
=035  \\$a(DNAL)854985-naldb-Voyager
=040  \\$aAGL$beng$cAGL
=049  \\$aRQIC
=070  0\$a1.9$bEn86R
=110  1\$aUnited States.$bBureau of Entomology and Plant Quarantine.
=245  10$aResults of codling moth investigations.
=260  \\$a[Washington?]
=362  1\$aCeased.
=591  \\$bNAL Reclamation
=593  \\$fAgricola CAT
=655  \3$aInternet resource.
=856  41$uhttps://archive.org/details/usda-codlingmothinvestigations
=912  \\$analcatalog
=930  \\$a20140812$b00000000$c00000000
=945  \\$aDigiMet
=945  \\$vpt. 1
=945  \\$p62
=945  \\$aDigiMet
=945  \\$vpt. 2
=945  \\$p66
=945  \\$aDigiMet
=945  \\$vpt. 3
=945  \\$p70
=945  \\$aDigiMet
=945  \\$vpt. 4
=945  \\$p158
=945  \\$aDigiMet
=945  \\$vpt. 6
=945  \\$p160
=945  \\$aDigiMet
=945  \\$vpt. 8
=945  \\$p160
=945  \\$aDigiMet
=945  \\$vpt. 9
=945  \\$p200
=945  \\$aDigiMet
=945  \\$vpt. 10
=945  \\$p242
=945  \\$aDigiMet
=945  \\$vpt. 11
=945  \\$p180
=945  \\$aDigiMet
=945  \\$vpt. 12
=945  \\$p164
=945  \\$aDigiMet
=945  \\$vpt. 13
=945  \\$p178
=946  \\$aUSDA
=994  \\$a92$bAGL

