=LDR  01788cam a2200505 a 4500
=001  9915486961407426
=005  20240624192329.0
=008  980818s1958\\\\dcu\\\\\\b\\\f000\0\eng\\
=016  7\$aCAT10853370$2DNAL
=035  \\$a818713
=035  \\$a(OCoLC)39698807
=035  \\$a(DNAL)818713-naldb-Voyager
=040  \\$aAGL$beng$cAGL$dOCLCQ$dAGL$dOCLCF$dOCLCQ
=043  \\$an-us---
=049  \\$aAGLL
=070  0\$aA280.39$bM34Am no.80 1957
=072  \0$aE500
=245  00$aFarm population :$bestimates for 1957.
=260  \\$aWashington, D.C. :$bU.S. Dept. of Agriculture, Agricultural Marketing Service,$c[1958]
=300  \\$a8 pages ;$c26 cm
=336  \\$atext$btxt$2rdacontent
=337  \\$aunmediated$bn$2rdamedia
=338  \\$avolume$bnc$2rdacarrier
=490  1\$aAMS ;$v80
=504  \\$aIncludes bibliographical references (page 8).
=591  \\$bNAL Reclamation
=593  \\$fAgricola CAT
=650  \0$aRural population$zUnited States.$0http://id.loc.gov/authorities/subjects/sh2004010620
=651  \7$aUnited States.$2fast$0(OCoLC)fst01204155
=655  \3$aInternet resource.
=710  1\$aUnited States.$bAgricultural Marketing Service.$0http://id.loc.gov/authorities/names/n79108924
=830  \0$aAMS (Washington, D.C. : 1954) ;$v80.
=856  41$uhttps://archive.org/details/farmpopulationes80unit_2
=912  \\$analcatalog
=930  \\$a20140305$b20140404$c00000000
=939  \\$a20121211$b20130104$c00000000
=939  \\$a20110202$b20110305$c00000000
=939  \\$a20090711$b20090801$c00000000
=939  \\$a19980902$b19980908$c00000000
=945  \\$dRLG$e98/08/14$fAR$g98/08/18$n1
=945  \\$p14
=945  \\$aDigiMet
=946  \\$aUSDA
=959  \\$c2009-07-11$edcollins$gap
=959  \\$c2011-02-02$epgraves$gac
=959  \\$c2012-12-11$ejgilbert$gsubjadd
=994  \\$a92$bAGL

