=LDR  02210cam a2200577Ia 4500
=001  9915487088807426
=005  20240624192354.0
=008  980817s1960\\\\mdu\\\\\\b\\\f000\0\eng\\
=016  7\$aCAT10853211$2DNAL
=019  \\$a979949877$a980172753
=035  \\$a818572
=035  \\$a(OCoLC)39641400$z(OCoLC)979949877$z(OCoLC)980172753
=035  \\$a(DNAL)818572-naldb-Voyager
=035  \\$z(OCoLC)979949877$z(OCoLC)980172753
=040  \\$aAGL$beng$cAGL$dOCLCQ$dIWA$dOCLCO$dOCLCF$dOCLCQ$dOCLCA$dAGL
=043  \\$an-us-ny
=049  \\$aAGLL
=050  \0$aHD1527 N7 W59x 1960
=070  0\$aaHD1527.N7M57$b1960
=072  \0$aE200
=086  0\$aA 77.15:43-121
=100  1\$aWhyte, Donald R.
=245  10$aMigratory farmworkers in New York State, 1959, and comparisons with 1953, 1957, and 1958 :$ba progress report /$cby Donald R. Whyte [and others].
=246  3\$aMigratory farm workers in New York State, 1959, and comparisons with 1953, 1957, and 1958
=260  \\$a[Beltsville, Md.] :$bU.S. Dept. of Agriculture, Agricultural Research Service,$c1960.
=300  \\$a10 pages ;$c26 cm.
=336  \\$atext$btxt$2rdacontent
=337  \\$aunmediated$bn$2rdamedia
=338  \\$avolume$bnc$2rdacarrier
=490  1\$aARS ;$v43-121
=504  \\$aIncludes bibliographical references (page 1).
=530  \\$aAlso available on the Internet.
=591  \\$bNAL Reclamation
=593  \\$fAgricola CAT
=650  \0$aMigrant agricultural laborers$zNew York (State).
=651  \7$aNew York (State)$2fast$0(OCoLC)fst01210280
=655  \3$aInternet resource.
=710  1\$aUnited States.$bAgricultural Research Service.
=830  \0$aARS (Series) (United States. Agricultural Research Service) ;$v43-121.
=856  41$uhttps://archive.org/details/migratoryfarmwor4312whyt/page/n1/mode/2up
=912  \\$analcatalog
=930  \\$a20210713$b00000000$c00000000
=939  \\$a20130906$b20131018$c00000000
=939  \\$a19980902$b19980908$c00000000
=945  \\$dML$e98/08/05$fAR$g98/08/17
=945  \\$p16
=945  \\$aDigiMet
=946  \\$aUSDA
=959  \\$c2013-09-06$essouder$gurl
=959  \\$c2013-08-09$ejgilbert$gap
=959  \\$c2013-08-09$ejgilbert$gupgrade
=959  \\$c2021-07-13$earojas$gupgrade
=994  \\$a92$bAGL

