=LDR  01898cam a2200529M  4500
=001  9915487094307426
=005  20240620180049.0
=008  980818s1946\\\\dcua\\\\\\\\\f000\0\eng\d
=016  7\$aCAT10853356$2DNAL
=019  \\$a39673759
=035  \\$a818699
=035  \\$a(OCoLC)81826265$z(OCoLC)39673759
=035  \\$a(DNAL)818699-naldb-Voyager
=035  \\$z(OCoLC)39673759
=040  \\$aCOO$beng$cCOO$dAGL$dFUG$dNUI$dOCLCF$dOCLCQ$dOKS$dOCLCA
=043  \\$an-us-nb
=049  \\$aAGLL
=050  \0$aS560$b.U5
=070  0\$aaSB186.S58$b1946
=072  \0$aF120
=086  0\$aA 36.118:60
=100  1\$aSitler, Harry G.
=245  10$aHay harvesting methods, southeastern Nebraska, 1945,$cby Harry G. Sitler and Clarence A. Fiske ...
=260  \\$aWashington, D.C.,$c1946.
=300  \\$a15 pages$bincluding tables$c29 cm.
=336  \\$atext$btxt$2rdacontent
=337  \\$aunmediated$bn$2rdamedia
=338  \\$avolume$bnc$2rdacarrier
=490  1\$aUnited States. Bureau of agric. econ. F.M.$v60
=591  \\$bNAL Reclamation
=593  \\$fAgricola CAT
=650  \0$aHay$zNebraska.
=650  \0$aFarm management$zNebraska.
=651  \7$aNebraska.$2fast$0(OCoLC)fst01208998
=655  \3$aInternet resource.
=700  1\$aFiske, Clarence A.
=710  1\$aUnited States.$bBureau of Agricultural Economics.$0http://id.loc.gov/authorities/names/n80060900
=776  08$iOnline version:$aSitler, Harry G.$tHay harvesting methods, southeastern Nebraska, 1945.$dWashington, D.C., 1946$w(OCoLC)1136899567
=830  \0$aFM (United States. Bureau of Agricultural Economics) ;$v60.
=856  41$uhttps://archive.org/details/hayharvestingmet60sitl
=912  \\$analcatalog
=930  \\$a20140812$b20140905$c00000000
=939  \\$a20130213$b20130304$c00000000
=939  \\$a19980902$b19980908$c00000000
=945  \\$dRLG$e98/08/11$fAR$g98/08/18
=945  \\$p22
=945  \\$aDigiMet
=946  \\$aUSDA
=994  \\$a92$bAGL

