=LDR  00827cam a2200313Mi 4500
=001  9915487243807426
=005  20221102082556.0
=008  941107s1900\\\\xx\\\\\\\\\\\\000\0\eng\d
=016  7\$aCAT10723999$2DNAL
=035  \\$a635394
=035  \\$a(OCoLC)71039089
=035  \\$a(DNAL)635394-naldb-Voyager
=040  \\$aAGL$beng$cAGL$dOCLCQ
=049  \\$aRQIB
=070  0\$a47$bR11
=072  \0$aL100
=245  00$aRackham's poultry directory.
=260  \\$c1900.
=300  \\$a1 volume
=336  \\$atext$btxt$2rdacontent
=337  \\$aunmediated$bn$2rdamedia
=338  \\$avolume$bnc$2rdacarrier
=591  \\$bNAL Reclamation
=856  41$uhttps://archive.org/details/rackhamspoultryd00unse
=911  \\$ichl00017870
=912  \\$analcatalog
=930  \\$a20140702$b20140807$c00000000
=945  \\$aDigiMet
=945  \\$p250
=946  \\$aNon-US
=994  \\$a92$bAGL

