=LDR  01846cam a2200493Ia 4500
=001  9915487253607426
=005  20240620182025.0
=008  011219s2001\\\\orua\\\\\b\\\f000\0\eng\\
=016  7\$aCAT11110981$2DNAL
=035  \\$a879114
=035  \\$a(OCoLC)48560795
=035  \\$a(DNAL)879114-naldb-Voyager
=040  \\$aAGL$beng$cAGL$dOCLCQ$dUBC$dOCLCQ$dOCLCO$dOCLCF$dOCLCO$dOCLCA$dAGL
=049  \\$aAGLL
=050  10$aS21$b.A84 V. 1567
=070  0\$a1$bAg84M no. 1567
=072  \0$aF831
=072  \0$aF110
=072  \0$aF120
=100  1\$aAlderman, Stephen C.
=245  10$aBlind seed disease /$cStephen C. Alderman.
=260  \\$aCorvallis, OR :$bUSDA, ARS, National Forage Seed Production Research Center,$c2001.
=300  \\$aiii, 32 pages :$billustrations ;$c28 cm.
=336  \\$atext$btxt$2rdacontent
=337  \\$aunmediated$bn$2rdamedia
=338  \\$avolume$bnc$2rdacarrier
=490  1\$aMiscellaneous publication ;$vno. 1567
=504  \\$aIncludes bibliographical references (pages 27-32).
=591  \\$bNAL Reclamation
=593  \\$fAgricola CAT
=650  \0$aGrasses$xSeeds.$0http://id.loc.gov/authorities/subjects/sh85056519
=650  \0$aGrasses$xDiseases and pests$xControl.
=650  \0$aTurfgrasses$xDiseases and pests$xControl.
=650  \0$aForage plants$xDiseases and pests$xControl.
=655  \3$aInternet resource.
=710  2\$aNational Forage Seed Production Research Center (U.S.)$0http://id.loc.gov/authorities/names/no2001097628
=830  \0$aMiscellaneous publication (United States. Department of Agriculture) ;$vno. 1567.
=856  41$uhttps://archive.org/details/blindseeddisease1567alde
=912  \\$analcatalog
=930  \\$a20140305$b20140404$c00000000
=939  \\$a20020106$b20020114$c00000000
=945  \\$dSS$e2001/12/11$fSES$g2001/12/19$n1
=945  \\$p44
=945  \\$aDigiMet
=946  \\$aUSDA
=994  \\$a92$bAGL

