=LDR  00869cam a2200325Mi 4500
=001  9915487343607426
=005  20221102082757.0
=008  941107s1906\\\\xx\\\\\\\\\\\\000\0\eng\d
=016  7\$aCAT10724021$2DNAL
=035  \\$a635416
=035  \\$a(OCoLC)71039102
=035  \\$a(DNAL)635416-naldb-Voyager
=040  \\$aAGL$beng$cAGL$dOCLCQ
=049  \\$aRQIB
=070  0\$a47$bR272Pl
=072  \0$aL200
=110  2\$aReliable Poultry Publishing Co.
=245  14$aThe Plymouth Rocks.
=260  \\$c[1906]
=300  \\$a1 volume
=336  \\$atext$btxt$2rdacontent
=337  \\$aunmediated$bn$2rdamedia
=338  \\$avolume$bnc$2rdacarrier
=591  \\$bNAL Reclamation
=856  41$uhttps://archive.org/details/plymouthrocks00reli
=911  \\$ichl00017886
=912  \\$analcatalog
=930  \\$a20140702$b20140807$c00000000
=945  \\$aDigiMet
=945  \\$p118
=946  \\$aOther US
=994  \\$a92$bAGL

