=LDR  01103cam a2200373Mi 4500
=001  9915487379207426
=005  20221102082741.0
=008  941107s1911\\\\xx\\\\\\\\\\\\000\0\eng\d
=016  7\$aCAT10724009$2DNAL
=035  \\$a635404
=035  \\$a(OCoLC)71039093
=035  \\$a(DNAL)635404-naldb-Voyager
=040  \\$aAGL$beng$cAGL$dOCLCO$dOCLCQ
=049  \\$aRQIB
=070  0\$a47$bR56P 1911
=072  \0$aL100
=100  1\$aRobinson, J. H.
=245  10$aPoultry-craft ...
=260  \\$c1911.
=300  \\$a272 pages.
=336  \\$atext$btxt$2rdacontent
=337  \\$aunmediated$bn$2rdamedia
=338  \\$avolume$bnc$2rdacarrier
=490  1\$aFarm-poultry series ;$vno. 5, 6th ed.
=591  \\$bNAL Reclamation
=776  08$iOnline version:$aRobinson, J.H.$tPoultry-craft .$d1911$w(OCoLC)889645607
=830  \0$aFarm-poultry series ;$vno. 5, 6th ed.
=856  41$uhttps://archive.org/details/poultrycraft00robi
=911  \\$ichl00017897
=912  \\$analcatalog
=930  \\$a20160525$b20160603$c00000000
=939  \\$a20140702$b20140807$c00000000
=945  \\$aDigiMet
=945  \\$p282
=946  \\$aOther US
=994  \\$a92$bAGL

