=LDR  01985cam a2200529Ia 4500
=001  9915488490907426
=005  20240620184157.0
=008  031018s1962\\\\ncua\\\\\b\\\f000\0\eng\\
=016  7\$aCAT11139502$2DNAL
=035  \\$a906242
=035  \\$a(OCoLC)52857198
=035  \\$a(DNAL)906242-naldb-Voyager
=040  \\$aAGL$beng$cAGL$dOCLCQ$dKLG$dMTG$dOCLCF$dOCLCQ$dOCLCO$dOCLCA$dAGM$dAGL
=043  \\$an-us---
=049  \\$aAGLL
=050  \0$aSD144.A15$bS73 no. 145
=070  0\$a1.9622$bS4St2 no. 145
=072  \0$aK250
=072  \0$aX100
=086  0\$aA 13.63/9:145
=100  1\$aBryan, Mackay B.
=245  10$aBoard-foot and cubic-foot volume computing equations for southeastern tree species /$cby Mackay B. Bryan and Joe P. McClure.
=260  \\$aAsheville, N.C. :$bU.S. Dept. of Agriculture, Forest Service, Southeastern Forest Experiment Station,$c[1962]
=300  \\$a10 pages :$billustrations ;$c27 cm.
=336  \\$atext$btxt$2rdacontent
=337  \\$aunmediated$bn$2rdamedia
=338  \\$avolume$bnc$2rdacarrier
=490  1\$aStation paper ;$vno. 145
=504  \\$aIncludes bibliographical references (page 10).
=591  \\$bNAL Reclamation
=593  \\$fAgricola CAT
=650  \0$aTrees$zUnited States.
=650  \0$aTrees$xMathematical models.
=650  \0$aVolume (Cubic content)$0http://id.loc.gov/authorities/subjects/sh85144330
=650  \3$aVolume.
=650  \3$aEquations.
=651  \7$aUnited States.$2fast$0(OCoLC)fst01204155
=655  \3$aInternet resource.
=700  1\$aMcClure, Joe P.$0http://id.loc.gov/authorities/names/n50014823
=710  2\$aSoutheastern Forest Experiment Station (Asheville, N.C.)
=830  \0$aStation paper (Southeastern Forest Experiment Station (Asheville, N.C.)) ;$vno. 145.
=856  41$uhttps://archive.org/details/boardfootcubicfo145brya
=912  \\$analcatalog
=930  \\$a20140702$b20140807$c00000000
=945  \\$dML$e2003/09/02$fRY$g2003/10/18$n1
=945  \\$p18
=945  \\$aDigiMet
=946  \\$aUSDA
=994  \\$a92$bAGL

