=LDR  01585cam a2200433 a 4500
=001  9915488495307426
=005  20240620184146.0
=008  031010s1970\\\\dcu\\\\\\\\\\f000\0\eng\\
=016  7\$aCAT11139258$2DNAL
=035  \\$a906000
=035  \\$a(OCoLC)53154814
=035  \\$a(DNAL)906000-naldb-Voyager
=040  \\$aAGL$beng$cAGL$dOCLCQ$dOCLCF$dOCLCO$dOCLCQ$dAGL
=043  \\$an-us---
=049  \\$aAGLL
=070  0\$aA281.9$bAg83 no. 230 1970
=072  \0$aE700
=100  1\$aDeBlois, Eleanor N.
=245  10$aExport-payment assistance to U.S. agricultural exports declined sharply in fiscal year 1969 /$cby Eleanor N. DeBlois.
=250  \\$aRev. Mar. 1970.
=260  \\$a[Washington, D.C.] :$bTrade Statistics and Analysis Branch, Foreign Development and Trade Division, Economic Reseaarch Service, U.S. Dept. of Agriculture,$c1970.
=300  \\$a16 pages ;$c26 cm
=336  \\$atext$btxt$2rdacontent
=337  \\$aunmediated$bn$2rdamedia
=338  \\$avolume$bnc$2rdacarrier
=490  1\$aERS-foreign ;$v230
=591  \\$bNAL Reclamation
=593  \\$fAgricola CAT
=650  \0$aForeign trade promotion$zUnited States.$0http://id.loc.gov/authorities/subjects/sh85050530
=651  \7$aUnited States.$2fast$0(OCoLC)fst01204155
=655  \3$aInternet resource.
=830  \0$aERS-foreign ;$v230.
=856  41$uhttps://archive.org/details/exportpaymentass230debl_0
=912  \\$analcatalog
=930  \\$a20140305$b20140404$c00000000
=939  \\$a20060718$b20060804$c00000000
=945  \\$dARS$e2003/10/07$fAR$g2003/10/10$n1
=945  \\$p16
=945  \\$aDigiMet
=946  \\$aUSDA
=994  \\$a92$bAGL

