=LDR  02301cam a22005894a 4500
=001  9915488515307426
=005  20240620184226.0
=008  031018s2003\\\\paua\\\\\bs\\f000\0\eng\\
=010  \\$a  2003628654
=016  7\$aCAT11139503$2DNAL
=035  \\$a906243
=035  \\$a(OCoLC)53097579
=035  \\$a(DNAL)906243-naldb-Voyager
=040  \\$aDLC$beng$cDLC$dAGL$dIUL$dBTCTA$dSPI$dOCLCA$dOCLCF$dOCLCQ$dOCLCO$dCOD$dAGM$dOCLCQ
=042  \\$apcc
=043  \\$an-us-wv
=049  \\$aAGLL
=050  00$aSD144.W4$bG75 2003
=070  0\$aA99.9$bF7622Uf no. 157
=072  \0$aK250
=086  0\$aA 13.80:NE 157
=100  1\$aGriffith, Douglas M.$0http://id.loc.gov/authorities/names/n93098374
=245  10$aForest statistics for West Virginia, 1989 and 2000 /$cDouglas M. Griffith, Richard H, Widmann.
=260  \\$aNewtown Square, PA :$bU.S. Dept. of Agriculture, Forest Service, Northeastern Forest Experiment Station, Forest Inventory and Analysis Unit,$c[2003]
=300  \\$a119 pages :$billustrations ;$c28 cm
=336  \\$atext$btxt$2rdacontent
=337  \\$aunmediated$bn$2rdamedia
=338  \\$avolume$bnc$2rdacarrier
=490  1\$aResource bulletin NE ;$v157
=504  \\$aIncludes bibliographical references (page 20).
=591  \\$bNAL Reclamation
=593  \\$fAgricola CAT
=650  \0$aForests and forestry$zWest Virginia$vStatistics.
=650  \0$aTimber$zWest Virginia$vStatistics.
=650  \0$aForest surveys$zWest Virginia.
=650  \3$aForest inventory.
=650  \3$aForest types.
=650  \3$aForest statistics.
=651  \3$aWest Virginia
=651  \7$aWest Virginia.$2fast$0(OCoLC)fst01205316
=655  \3$aInternet resource.
=655  \7$aStatistics.$2fast$0(OCoLC)fst01423727
=700  1\$aWidmann, Richard H.$0http://id.loc.gov/authorities/names/n84177637
=710  1\$aUnited States.$bForest Service.$bNortheastern Research Station.$bForest Inventory and Analysis Unit.$0http://id.loc.gov/authorities/names/n2002012429
=830  \0$aResource bulletin NE ;$v157.
=856  41$uhttps://archive.org/details/foreststatistics157grif
=912  \\$analcatalog
=930  \\$a20140207$b20140307$c00000000
=938  \\$aBaker and Taylor$bBTCP$n2003628654
=945  \\$dDF$e2003/10/16$fRY$g2003/10/18$n1
=945  \\$p132
=945  \\$aDigiMet
=946  \\$aUSDA
=994  \\$a92$bAGL

