=LDR  02456cam a2200625 a 4500
=001  9915489067707426
=005  20240620190003.0
=008  970103s1996\\\\pau\\\\\\bs\\f001\0\eng\\
=010  \\$a   97121497 
=016  7\$aCAT10819630$2DNAL
=035  \\$a789617
=035  \\$a(OCoLC)36135067
=035  \\$a(DNAL)789617-naldb-Voyager
=040  \\$aDNAL$beng$cDLC$dOCL$dBTCTA$dORE$dOCLCO$dOCLCA$dOCLCF$dOCLCQ$dCOD$dOCLCA$dAGM$dOCLCA$dAGL
=042  \\$alccopycat
=043  \\$an-us-me
=049  \\$aAGLL
=050  00$aSD144.M2$bG75 1996
=070  0\$aA99.9$bF7622Uf no.135
=072  \0$aK250
=086  0\$aA 13.80:NE-135
=100  1\$aGriffith, Douglas M.$0http://id.loc.gov/authorities/names/n93098374
=245  10$aForest statistics for Maine, 1995 /$cthe authors, Douglas M. Griffith, Carol L. Alerich.
=260  \\$aRadnor, PA :$bU.S. Dept. of Agriculture, Forest Service, Noertheastern Forest Experiment Station,$c[1996]
=300  \\$a134 pages ;$c28 cm.
=336  \\$atext$btxt$2rdacontent
=337  \\$aunmediated$bn$2rdamedia
=338  \\$avolume$bnc$2rdacarrier
=490  1\$aResource bulletin NE ;$v135
=530  \\$aAlso available on the World Wide Web.
=504  \\$aIncludes bibliographical references (page 134) and index.
=591  \\$bNAL Reclamation
=593  \\$fAgricola CAT
=650  \0$aForests and forestry$zMaine$vStatistics.
=650  \0$aTimber$zMaine$vStatistics.
=650  \0$aForest surveys$zMaine.
=650  \3$aForest inventory.
=650  \3$aLand ownership.
=651  \3$aMaine.
=651  \7$aMaine.$2fast$0(OCoLC)fst01204270
=655  \3$aInternet resource.
=655  \7$aStatistics.$2fast$0(OCoLC)fst01423727
=700  1\$aAlerich, Carol L.$0http://id.loc.gov/authorities/names/no91018257
=710  1\$aUnited States.$bDepartment of Agriculture.
=710  2\$aNortheastern Forest Experiment Station (Radnor, Pa.)
=776  08$iOnline version:$aGriffith, Douglas M.$tForest statistics for Maine, 1995.$dRadnor, PA : U.S. Dept. of Agriculture, Forest Service, Noertheastern Forest Experiment Station, [1996]$w(OCoLC)904204502
=830  \0$aResource bulletin NE ;$v135.
=856  41$uhttps://archive.org/details/foreststatistics135grif
=912  \\$analcatalog
=930  \\$a20140207$b20140307$c00000000
=938  \\$aBaker and Taylor$bBTCP$n97121497
=939  \\$a19970203$b19970210$c00000000
=945  \\$dSAM$e96/12/26$fJR$g97/01/03$n1
=945  \\$p144
=945  \\$aDigiMet
=946  \\$aUSDA
=994  \\$a92$bAGL

