=LDR  03782cas a2200685 a 4500
=001  9915489078807426
=005  20240620190025.0
=008  961231d19371962dcumr\p\\\s\\f0\\\\0eng\c
=010  \\$a   43040327 $zsn 91034513 
=012  \\$i9110
=016  7\$aCAT10819498$2DNAL
=019  \\$a1352100$a1026613385$a1029906050$a1029977749$a1029979358$a1031904917$a1035215671$a1035320565$a1035321976$a1035338009
=035  \\$a789478
=035  \\$a(OCoLC)01569707$z(OCoLC)1352100$z(OCoLC)1026613385$z(OCoLC)1029906050$z(OCoLC)1029977749$z(OCoLC)1029979358$z(OCoLC)1031904917$z(OCoLC)1035215671$z(OCoLC)1035320565$z(OCoLC)1035321976$z(OCoLC)1035338009
=035  \\$a(DNAL)789478-naldb-Voyager
=035  \\$z(OCoLC)1352100$z(OCoLC)1026613385$z(OCoLC)1029906050$z(OCoLC)1029977749$z(OCoLC)1029979358$z(OCoLC)1031904917$z(OCoLC)1035215671$z(OCoLC)1035320565$z(OCoLC)1035321976$z(OCoLC)1035338009
=040  \\$aMUL$beng$cMUL$dCOO$dMUL$dOCL$dNSD$dNYG$dHUL$dNYG$dNST$dAGL$dDLC$dOCLCQ$dAMAZN$dOCLCQ$dOCLCF$dOCLCO$dGILDS$dOCLCO$dOCLCQ
=042  \\$apcc$apremarc
=049  \\$aAGLL
=050  00$aHD9000.4$b.F68
=070  0\$a1.9$bEc7For
=072  \0$aE700
=245  00$aForeign agriculture :$ba review of foreign farm policy, production, and trade.
=260  \\$aWashington, D.C. :$bU.S. Dept. of Agriculture, Bureau of Agricultural Economics,$c1937-1962.
=300  \\$a26 volumes :$billustrations, maps ;$c27-29 cm
=310  \\$aMonthly
=336  \\$atext$btxt$2rdacontent
=337  \\$aunmediated$bn$2rdamedia
=338  \\$avolume$bnc$2rdacarrier
=362  0\$aVol. 1, no. 1 (Jan. 1937)-v. 26, no. 12 (Dec. 1962).
=530  \\$aAlso issued on microfilm from University Microfilms.
=530  \\$aAlso issued online.
=530  \\$aAlso available on microfilm from University Microfilms.
=550  \\$aVols. 1-2, 1937-1938, issued by the Bureau of Agricultural Economics; v. 3, no. 1-6; Jan.-June, 1939, issued by the Foreign Agricultural Service; v. 3, no. 7-v. 17, no. 3, July 1939-Mar. 1953, issued by the Office of Foreign Agricultural Relations; v. 17, no. 4-v. 26, Apr. 1953-1962, issued by the Foreign Agricultural Service.
=580  \\$aMerged with: Foreign crops and markets, to form: Foreign agriculture (Washington, D.C. : 1963).
=591  \\$bNAL Reclamation
=593  \\$fAgricola CAT
=650  \0$aAgriculture$vStatistics$vPeriodicals.
=655  \3$aInternet resource.
=655  \7$aPeriodicals.$2fast$0(OCoLC)fst01411641
=655  \7$aStatistics.$2fast$0(OCoLC)fst01423727
=655  \7$aStatistics.$2lcgft$0http://id.loc.gov/authorities/genreForms/gf2014026181
=655  \7$aPeriodicals.$2lcgft$0http://id.loc.gov/authorities/genreForms/gf2014026139
=710  1\$aUnited States.$bBureau of Agricultural Economics.$0http://id.loc.gov/authorities/names/n80060900
=710  1\$aUnited States.$bForeign Agricultural Service.$0http://id.loc.gov/authorities/names/n80126196
=710  1\$aUnited States.$bOffice of Foreign Agricultural Relations.$0http://id.loc.gov/authorities/names/n85271417
=776  1\$tForeign agriculture (1937)$w(OCoLC)7427458
=776  08$iOnline version:$tForeign agriculture$w(OCoLC)560780125
=780  05$tAgriculture in the Americas$x0890-6556$w(DLC)agr41000006$w(OCoLC)1478582
=785  17$tForeign crops and markets$w(DLC)sn 91034526$w(OCoLC)1482239
=785  17$tForeign agriculture (Washington, D.C. : 1963)$x0015-7163$w(DLC)   66006212$w(OCoLC)1317547
=850  \\$aCU-I$aDLC$aDNAL$aMH-PA$aN$aViW
=856  41$uhttps://archive.org/details/usda-foreignagriculturereview
=912  \\$analcatalog
=930  \\$a20140702$b20140807$c00000000
=938  \\$aAMAZON$bAMZN$nB002Z14652
=939  \\$a19970106$b19970110$c00000000
=945  \\$dJH$e96/12/20$fCM$g96/12/31
=945  \\$vpt. 1
=945  \\$p68
=945  \\$aDigiMet
=945  \\$vpt. 2
=945  \\$p56
=945  \\$aDigiMet
=945  \\$vpt. 3
=945  \\$p62
=945  \\$aDigiMet
=945  \\$vpt. 4
=945  \\$p60
=945  \\$aDigiMet
=945  \\$vpt. 5
=945  \\$p64
=945  \\$aDigiMet
=945  \\$vpt. 6
=945  \\$p48
=945  \\$aDigiMet
=945  \\$vpt. 7
=945  \\$p66
=945  \\$aDigiMet
=945  \\$vpt. 8
=945  \\$p60
=945  \\$aDigiMet
=945  \\$vpt. 9
=945  \\$p52
=945  \\$aDigiMet
=945  \\$vpt. 10
=945  \\$p66
=945  \\$aDigiMet
=945  \\$vpt. 11
=945  \\$p64
=945  \\$aDigiMet
=945  \\$vpt. 12
=945  \\$p74
=945  \\$aDigiMet
=945  \\$vpt. 13
=945  \\$p62
=945  \\$aDigiMet
=945  \\$vpt. 14
=945  \\$p66
=945  \\$aDigiMet
=945  \\$vpt. 15
=945  \\$p58
=945  \\$aDigiMet
=945  \\$vpt. 16
=945  \\$p52
=945  \\$aDigiMet
=945  \\$vpt. 17
=945  \\$p42
=945  \\$aDigiMet
=945  \\$vpt. 18
=945  \\$p62
=945  \\$aDigiMet
=945  \\$vpt. 19
=945  \\$p54
=945  \\$aDigiMet
=945  \\$vpt. 20
=945  \\$p44
=945  \\$aDigiMet
=945  \\$vpt. 21
=945  \\$p54
=945  \\$aDigiMet
=945  \\$vpt. 22
=945  \\$p56
=945  \\$aDigiMet
=945  \\$vpt. 23
=945  \\$p68
=945  \\$aDigiMet
=945  \\$vpt. 24
=945  \\$p72
=945  \\$aDigiMet
=945  \\$vpt. 25
=945  \\$p20
=945  \\$aDigiMet
=945  \\$vpt. 26
=945  \\$p46
=945  \\$aDigiMet
=945  \\$vpt. 27
=945  \\$p46
=945  \\$aDigiMet
=945  \\$vpt. 28
=945  \\$p46
=945  \\$aDigiMet
=945  \\$vpt. 29
=945  \\$p44
=945  \\$aDigiMet
=945  \\$vpt. 30
=945  \\$p56
=945  \\$aDigiMet
=945  \\$vpt. 31
=945  \\$p64
=945  \\$aDigiMet
=945  \\$vpt. 32
=945  \\$p44
=945  \\$aDigiMet
=945  \\$vpt. 33
=945  \\$p58
=945  \\$aDigiMet
=945  \\$vpt. 34
=945  \\$p60
=945  \\$aDigiMet
=945  \\$vpt. 35
=945  \\$p74
=945  \\$aDigiMet
=945  \\$vpt. 36
=945  \\$p48
=945  \\$aDigiMet
=945  \\$vpt. 37
=945  \\$p64
=945  \\$aDigiMet
=945  \\$vpt. 38
=945  \\$p20
=945  \\$aDigiMet
=945  \\$vpt. 39
=945  \\$p66
=945  \\$aDigiMet
=945  \\$vpt. 40
=945  \\$p72
=945  \\$aDigiMet
=945  \\$vpt. 41
=945  \\$p52
=945  \\$aDigiMet
=945  \\$vpt. 42
=945  \\$p98
=945  \\$aDigiMet
=945  \\$vpt. 43
=945  \\$p62
=945  \\$aDigiMet
=945  \\$vpt. 44
=945  \\$p54
=945  \\$aDigiMet
=945  \\$vpt. 45
=945  \\$p80
=945  \\$aDigiMet
=945  \\$vpt. 46
=945  \\$p54
=945  \\$aDigiMet
=945  \\$vpt. 47
=945  \\$p70
=945  \\$aDigiMet
=945  \\$vpt. 48
=945  \\$p48
=945  \\$aDigiMet
=945  \\$vpt. 49
=945  \\$p86
=945  \\$aDigiMet
=945  \\$vpt. 50
=945  \\$p80
=945  \\$aDigiMet
=945  \\$vpt. 51
=945  \\$p24
=945  \\$aDigiMet
=945  \\$vpt. 52
=945  \\$p36
=945  \\$aDigiMet
=945  \\$vpt. 53
=945  \\$p56
=945  \\$aDigiMet
=945  \\$vpt. 54
=945  \\$p50
=945  \\$aDigiMet
=945  \\$vpt. 55
=945  \\$p50
=945  \\$aDigiMet
=945  \\$vpt. 56
=945  \\$p48
=945  \\$aDigiMet
=945  \\$vpt. 57
=945  \\$p52
=945  \\$aDigiMet
=945  \\$vpt. 58
=945  \\$p52
=945  \\$aDigiMet
=945  \\$vpt. 59
=945  \\$p48
=945  \\$aDigiMet
=945  \\$vpt. 60
=945  \\$p52
=945  \\$aDigiMet
=945  \\$vpt. 61
=945  \\$p50
=945  \\$aDigiMet
=945  \\$vpt. 62
=945  \\$p52
=945  \\$aDigiMet
=945  \\$vpt. 63
=945  \\$p52
=945  \\$aDigiMet
=945  \\$vpt. 64
=945  \\$p16
=945  \\$aDigiMet
=945  \\$vpt. 65
=945  \\$p48
=945  \\$aDigiMet
=945  \\$vpt. 66
=945  \\$p48
=945  \\$aDigiMet
=945  \\$vpt. 67
=945  \\$p44
=945  \\$aDigiMet
=945  \\$vpt. 68
=945  \\$p52
=945  \\$aDigiMet
=945  \\$vpt. 69
=945  \\$p50
=945  \\$aDigiMet
=945  \\$vpt. 70
=945  \\$p52
=945  \\$aDigiMet
=945  \\$vpt. 71
=945  \\$p52
=945  \\$aDigiMet
=945  \\$vpt. 72
=945  \\$p30
=945  \\$aDigiMet
=945  \\$vpt. 73
=945  \\$p30
=945  \\$aDigiMet
=945  \\$vpt. 74
=945  \\$p30
=945  \\$aDigiMet
=945  \\$vpt. 75
=945  \\$p30
=945  \\$aDigiMet
=945  \\$vpt. 76
=945  \\$p30
=945  \\$aDigiMet
=945  \\$vpt. 77
=945  \\$p20
=945  \\$aDigiMet
=945  \\$vpt. 78
=945  \\$p34
=945  \\$aDigiMet
=945  \\$vpt. 79
=945  \\$p28
=945  \\$aDigiMet
=945  \\$vpt. 80
=945  \\$p28
=945  \\$aDigiMet
=945  \\$vpt. 81
=945  \\$p28
=945  \\$aDigiMet
=945  \\$vpt. 82
=945  \\$p28
=945  \\$aDigiMet
=945  \\$vpt. 83
=945  \\$p28
=945  \\$aDigiMet
=945  \\$vpt. 84
=945  \\$p28
=945  \\$aDigiMet
=945  \\$vpt. 85
=945  \\$p28
=945  \\$aDigiMet
=945  \\$vpt. 86
=945  \\$p28
=945  \\$aDigiMet
=945  \\$vpt. 87
=945  \\$p28
=945  \\$aDigiMet
=945  \\$vpt. 88
=945  \\$p28
=945  \\$aDigiMet
=945  \\$vpt. 89
=945  \\$p28
=945  \\$aDigiMet
=945  \\$vpt. 90
=945  \\$p20
=945  \\$aDigiMet
=945  \\$vpt. 91
=945  \\$p28
=945  \\$aDigiMet
=945  \\$vpt. 92
=945  \\$p28
=945  \\$aDigiMet
=945  \\$vpt. 93
=945  \\$p28
=945  \\$aDigiMet
=945  \\$vpt. 94
=945  \\$p28
=945  \\$aDigiMet
=945  \\$vpt. 95
=945  \\$p28
=945  \\$aDigiMet
=945  \\$vpt. 96
=945  \\$p28
=945  \\$aDigiMet
=945  \\$vpt. 97
=945  \\$p28
=945  \\$aDigiMet
=945  \\$vpt. 98
=945  \\$p28
=945  \\$aDigiMet
=945  \\$vpt. 99
=945  \\$p24
=945  \\$aDigiMet
=945  \\$vpt. 100
=945  \\$p32
=945  \\$aDigiMet
=945  \\$vpt. 101
=945  \\$p32
=945  \\$aDigiMet
=945  \\$vpt. 102
=945  \\$p20
=945  \\$aDigiMet
=945  \\$vpt. 103
=945  \\$p22
=945  \\$aDigiMet
=945  \\$vpt. 104
=945  \\$p20
=945  \\$aDigiMet
=945  \\$vpt. 105
=945  \\$p20
=945  \\$aDigiMet
=945  \\$vpt. 106
=945  \\$p20
=945  \\$aDigiMet
=945  \\$vpt. 107
=945  \\$p22
=945  \\$aDigiMet
=945  \\$vpt. 108
=945  \\$p20
=945  \\$aDigiMet
=945  \\$vpt. 109
=945  \\$p20
=945  \\$aDigiMet
=945  \\$vpt. 110
=945  \\$p22
=945  \\$aDigiMet
=945  \\$vpt. 111
=945  \\$p22
=945  \\$aDigiMet
=945  \\$vpt. 112
=945  \\$p20
=945  \\$aDigiMet
=945  \\$vpt. 113
=945  \\$p20
=945  \\$aDigiMet
=945  \\$vpt. 114
=945  \\$p20
=945  \\$aDigiMet
=945  \\$vpt. 115
=945  \\$p36
=945  \\$aDigiMet
=945  \\$vpt. 116
=945  \\$p20
=945  \\$aDigiMet
=945  \\$vpt. 117
=945  \\$p22
=945  \\$aDigiMet
=945  \\$vpt. 118
=945  \\$p22
=945  \\$aDigiMet
=945  \\$vpt. 119
=945  \\$p22
=945  \\$aDigiMet
=945  \\$vpt. 120
=945  \\$p22
=945  \\$aDigiMet
=945  \\$vpt. 121
=945  \\$p22
=945  \\$aDigiMet
=945  \\$vpt. 122
=945  \\$p30
=945  \\$aDigiMet
=945  \\$vpt. 124
=945  \\$p22
=945  \\$aDigiMet
=945  \\$vpt. 125
=945  \\$p22
=945  \\$aDigiMet
=945  \\$vpt. 126
=945  \\$p22
=945  \\$aDigiMet
=945  \\$vpt. 127
=945  \\$p22
=945  \\$aDigiMet
=945  \\$vpt. 128
=945  \\$p22
=945  \\$aDigiMet
=945  \\$vpt. 129
=945  \\$p16
=945  \\$aDigiMet
=945  \\$vpt. 130
=945  \\$p22
=945  \\$aDigiMet
=945  \\$vpt. 131
=945  \\$p22
=945  \\$aDigiMet
=945  \\$vpt. 132
=945  \\$p22
=945  \\$aDigiMet
=945  \\$vpt. 133
=945  \\$p30
=945  \\$aDigiMet
=945  \\$vpt. 135
=945  \\$p22
=945  \\$aDigiMet
=945  \\$vpt. 136
=945  \\$p22
=945  \\$aDigiMet
=945  \\$vpt. 137
=945  \\$p30
=945  \\$aDigiMet
=945  \\$vpt. 139
=945  \\$p22
=945  \\$aDigiMet
=945  \\$vpt. 140
=945  \\$p30
=945  \\$aDigiMet
=945  \\$vpt. 142
=945  \\$p16
=945  \\$aDigiMet
=945  \\$vpt. 143
=945  \\$p28
=945  \\$aDigiMet
=945  \\$vpt. 144
=945  \\$p22
=945  \\$aDigiMet
=945  \\$vpt. 145
=945  \\$p30
=945  \\$aDigiMet
=945  \\$vpt. 146
=945  \\$p30
=945  \\$aDigiMet
=945  \\$vpt. 147
=945  \\$p30
=945  \\$aDigiMet
=945  \\$vpt. 148
=945  \\$p30
=945  \\$aDigiMet
=945  \\$vpt. 149
=945  \\$p30
=945  \\$aDigiMet
=945  \\$vpt. 150
=945  \\$p30
=945  \\$aDigiMet
=945  \\$vpt. 151
=945  \\$p30
=945  \\$aDigiMet
=945  \\$vpt. 152
=945  \\$p28
=945  \\$aDigiMet
=945  \\$vpt. 153
=945  \\$p28
=945  \\$aDigiMet
=945  \\$vpt. 154
=945  \\$p30
=945  \\$aDigiMet
=945  \\$vpt. 155
=945  \\$p18
=945  \\$aDigiMet
=945  \\$vpt. 156
=945  \\$p30
=945  \\$aDigiMet
=945  \\$vpt. 157
=945  \\$p28
=945  \\$aDigiMet
=945  \\$vpt. 158
=945  \\$p28
=945  \\$aDigiMet
=945  \\$vpt. 159
=945  \\$p28
=945  \\$aDigiMet
=945  \\$vpt. 160
=945  \\$p28
=945  \\$aDigiMet
=945  \\$vpt. 161
=945  \\$p30
=945  \\$aDigiMet
=945  \\$vpt. 162
=945  \\$p28
=945  \\$aDigiMet
=945  \\$vpt. 163
=945  \\$p28
=945  \\$aDigiMet
=945  \\$vpt. 164
=945  \\$p28
=945  \\$aDigiMet
=945  \\$vpt. 165
=945  \\$p28
=945  \\$aDigiMet
=945  \\$vpt. 166
=945  \\$p28
=945  \\$aDigiMet
=945  \\$vpt. 167
=945  \\$p30
=945  \\$aDigiMet
=945  \\$vpt. 168
=945  \\$p22
=945  \\$aDigiMet
=945  \\$vpt. 169
=945  \\$p28
=945  \\$aDigiMet
=945  \\$vpt. 170
=945  \\$p28
=945  \\$aDigiMet
=945  \\$vpt. 171
=945  \\$p24
=945  \\$aDigiMet
=945  \\$vpt. 172
=945  \\$p28
=945  \\$aDigiMet
=945  \\$vpt. 173
=945  \\$p28
=945  \\$aDigiMet
=945  \\$vpt. 174
=945  \\$p28
=945  \\$aDigiMet
=945  \\$vpt. 175
=945  \\$p28
=945  \\$aDigiMet
=945  \\$vpt. 176
=945  \\$p28
=945  \\$aDigiMet
=945  \\$vpt. 177
=945  \\$p28
=945  \\$aDigiMet
=945  \\$vpt. 178
=945  \\$p28
=945  \\$aDigiMet
=945  \\$vpt. 179
=945  \\$p28
=945  \\$aDigiMet
=945  \\$vpt. 180
=945  \\$p28
=945  \\$aDigiMet
=945  \\$vpt. 181
=945  \\$p18
=945  \\$aDigiMet
=945  \\$vpt. 182
=945  \\$p28
=945  \\$aDigiMet
=945  \\$vpt. 183
=945  \\$p24
=945  \\$aDigiMet
=945  \\$vpt. 184
=945  \\$p24
=945  \\$aDigiMet
=945  \\$vpt. 185
=945  \\$p28
=945  \\$aDigiMet
=945  \\$vpt. 186
=945  \\$p28
=945  \\$aDigiMet
=945  \\$vpt. 187
=945  \\$p30
=945  \\$aDigiMet
=945  \\$vpt. 188
=945  \\$p30
=945  \\$aDigiMet
=945  \\$vpt. 189
=945  \\$p24
=945  \\$aDigiMet
=945  \\$vpt. 190
=945  \\$p28
=945  \\$aDigiMet
=945  \\$vpt. 191
=945  \\$p28
=945  \\$aDigiMet
=945  \\$vpt. 192
=945  \\$p28
=945  \\$aDigiMet
=945  \\$vpt. 193
=945  \\$p28
=945  \\$aDigiMet
=945  \\$vpt. 194
=945  \\$p16
=945  \\$aDigiMet
=945  \\$vpt. 195
=945  \\$p28
=945  \\$aDigiMet
=945  \\$vpt. 196
=945  \\$p24
=945  \\$aDigiMet
=945  \\$vpt. 197
=945  \\$p26
=945  \\$aDigiMet
=945  \\$vpt. 198
=945  \\$p26
=945  \\$aDigiMet
=945  \\$vpt. 199
=945  \\$p24
=945  \\$aDigiMet
=945  \\$vpt. 200
=945  \\$p24
=945  \\$aDigiMet
=945  \\$vpt. 201
=945  \\$p28
=945  \\$aDigiMet
=945  \\$vpt. 203
=945  \\$p24
=945  \\$aDigiMet
=945  \\$vpt. 204
=945  \\$p24
=945  \\$aDigiMet
=945  \\$vpt. 205
=945  \\$p24
=945  \\$aDigiMet
=945  \\$vpt. 206
=945  \\$p30
=945  \\$aDigiMet
=945  \\$vpt. 207
=945  \\$p14
=945  \\$aDigiMet
=945  \\$vpt. 208
=945  \\$p26
=945  \\$aDigiMet
=945  \\$vpt. 209
=945  \\$p30
=945  \\$aDigiMet
=945  \\$vpt. 210
=945  \\$p26
=945  \\$aDigiMet
=945  \\$vpt. 211
=945  \\$p26
=945  \\$aDigiMet
=945  \\$vpt. 212
=945  \\$p26
=945  \\$aDigiMet
=945  \\$vpt. 213
=945  \\$p26
=945  \\$aDigiMet
=945  \\$vpt. 214
=945  \\$p30
=945  \\$aDigiMet
=945  \\$vpt. 216
=945  \\$p28
=945  \\$aDigiMet
=945  \\$vpt. 217
=945  \\$p26
=945  \\$aDigiMet
=945  \\$vpt. 218
=945  \\$p26
=945  \\$aDigiMet
=945  \\$vpt. 220
=945  \\$p14
=945  \\$aDigiMet
=945  \\$vpt. 221
=945  \\$p26
=945  \\$aDigiMet
=945  \\$vpt. 222
=945  \\$p26
=945  \\$aDigiMet
=945  \\$vpt. 223
=945  \\$p26
=945  \\$aDigiMet
=945  \\$vpt. 224
=945  \\$p22
=945  \\$aDigiMet
=945  \\$vpt. 225
=945  \\$p30
=945  \\$aDigiMet
=945  \\$vpt. 226
=945  \\$p26
=945  \\$aDigiMet
=945  \\$vpt. 227
=945  \\$p26
=945  \\$aDigiMet
=945  \\$vpt. 228
=945  \\$p22
=945  \\$aDigiMet
=945  \\$vpt. 229
=945  \\$p22
=945  \\$aDigiMet
=945  \\$vpt. 230
=945  \\$p22
=945  \\$aDigiMet
=945  \\$vpt. 231
=945  \\$p26
=945  \\$aDigiMet
=945  \\$vpt. 232
=945  \\$p28
=945  \\$aDigiMet
=945  \\$vpt. 233
=945  \\$p16
=945  \\$aDigiMet
=945  \\$vpt. 234
=945  \\$p30
=945  \\$aDigiMet
=945  \\$vpt. 235
=945  \\$p28
=945  \\$aDigiMet
=945  \\$vpt. 236
=945  \\$p28
=945  \\$aDigiMet
=945  \\$vpt. 237
=945  \\$p30
=945  \\$aDigiMet
=945  \\$vpt. 238
=945  \\$p26
=945  \\$aDigiMet
=945  \\$vpt. 239
=945  \\$p30
=945  \\$aDigiMet
=945  \\$vpt. 240
=945  \\$p30
=945  \\$aDigiMet
=945  \\$vpt. 241
=945  \\$p26
=945  \\$aDigiMet
=945  \\$vpt. 242
=945  \\$p24
=945  \\$aDigiMet
=945  \\$vpt. 243
=945  \\$p24
=945  \\$aDigiMet
=945  \\$vpt. 244
=945  \\$p26
=945  \\$aDigiMet
=945  \\$vpt. 245
=945  \\$p26
=945  \\$aDigiMet
=945  \\$vpt. 246
=945  \\$p14
=945  \\$aDigiMet
=945  \\$vpt. 247
=945  \\$p38
=945  \\$aDigiMet
=945  \\$vpt. 248
=945  \\$p30
=945  \\$aDigiMet
=945  \\$vpt. 249
=945  \\$p24
=945  \\$aDigiMet
=945  \\$vpt. 250
=945  \\$p28
=945  \\$aDigiMet
=945  \\$vpt. 251
=945  \\$p28
=945  \\$aDigiMet
=945  \\$vpt. 252
=945  \\$p28
=945  \\$aDigiMet
=945  \\$vpt. 253
=945  \\$p20
=945  \\$aDigiMet
=945  \\$vpt. 254
=945  \\$p20
=945  \\$aDigiMet
=945  \\$vpt. 255
=945  \\$p28
=945  \\$aDigiMet
=945  \\$vpt. 256
=945  \\$p28
=945  \\$aDigiMet
=945  \\$vpt. 257
=945  \\$p28
=945  \\$aDigiMet
=945  \\$vpt. 258
=945  \\$p30
=945  \\$aDigiMet
=945  \\$vpt. 260
=945  \\$p32
=945  \\$aDigiMet
=945  \\$vpt. 261
=945  \\$p28
=945  \\$aDigiMet
=945  \\$vpt. 262
=945  \\$p28
=945  \\$aDigiMet
=945  \\$vpt. 263
=945  \\$p28
=945  \\$aDigiMet
=945  \\$vpt. 264
=945  \\$p28
=945  \\$aDigiMet
=945  \\$vpt. 265
=945  \\$p28
=945  \\$aDigiMet
=945  \\$vpt. 266
=945  \\$p22
=945  \\$aDigiMet
=945  \\$vpt. 267
=945  \\$p24
=945  \\$aDigiMet
=945  \\$vpt. 268
=945  \\$p28
=945  \\$aDigiMet
=945  \\$vpt. 269
=945  \\$p28
=945  \\$aDigiMet
=945  \\$vpt. 270
=945  \\$p28
=945  \\$aDigiMet
=945  \\$vpt. 271
=945  \\$p34
=945  \\$aDigiMet
=945  \\$vpt. 273
=945  \\$p32
=945  \\$aDigiMet
=945  \\$vpt. 274
=945  \\$p28
=945  \\$aDigiMet
=945  \\$vpt. 275
=945  \\$p28
=945  \\$aDigiMet
=945  \\$vpt. 276
=945  \\$p24
=945  \\$aDigiMet
=945  \\$vpt. 277
=945  \\$p28
=945  \\$aDigiMet
=945  \\$vpt. 278
=945  \\$p28
=945  \\$aDigiMet
=945  \\$vpt. 279
=945  \\$p28
=945  \\$aDigiMet
=945  \\$vpt. 280
=945  \\$p24
=945  \\$aDigiMet
=945  \\$vpt. 281
=945  \\$p28
=945  \\$aDigiMet
=945  \\$vpt. 282
=945  \\$p28
=945  \\$aDigiMet
=945  \\$vpt. 283
=945  \\$p28
=945  \\$aDigiMet
=945  \\$vpt. 284
=945  \\$p28
=945  \\$aDigiMet
=945  \\$vpt. 286
=945  \\$p34
=945  \\$aDigiMet
=945  \\$vpt. 287
=945  \\$p28
=945  \\$aDigiMet
=945  \\$vpt. 288
=945  \\$p24
=945  \\$aDigiMet
=945  \\$vpt. 289
=945  \\$p28
=945  \\$aDigiMet
=945  \\$vpt. 290
=945  \\$p28
=945  \\$aDigiMet
=945  \\$vpt. 291
=945  \\$p28
=945  \\$aDigiMet
=945  \\$vpt. 292
=945  \\$p24
=945  \\$aDigiMet
=945  \\$vpt. 293
=945  \\$p28
=945  \\$aDigiMet
=945  \\$vpt. 294
=945  \\$p30
=945  \\$aDigiMet
=945  \\$vpt. 295
=945  \\$p28
=945  \\$aDigiMet
=945  \\$vpt. 296
=945  \\$p30
=945  \\$aDigiMet
=945  \\$vpt. 297
=945  \\$p28
=945  \\$aDigiMet
=945  \\$vpt. 299
=945  \\$p32
=945  \\$aDigiMet
=945  \\$vpt. 300
=945  \\$p28
=945  \\$aDigiMet
=945  \\$vpt. 301
=945  \\$p30
=945  \\$aDigiMet
=945  \\$vpt. 302
=945  \\$p30
=945  \\$aDigiMet
=945  \\$vpt. 303
=945  \\$p28
=945  \\$aDigiMet
=945  \\$vpt. 304
=945  \\$p28
=945  \\$aDigiMet
=945  \\$vpt. 305
=945  \\$p30
=945  \\$aDigiMet
=945  \\$vpt. 306
=945  \\$p26
=945  \\$aDigiMet
=945  \\$vpt. 307
=945  \\$p28
=945  \\$aDigiMet
=945  \\$vpt. 308
=945  \\$p30
=945  \\$aDigiMet
=945  \\$vpt. 309
=945  \\$p30
=945  \\$aDigiMet
=945  \\$vpt. 310
=945  \\$p30
=945  \\$aDigiMet
=945  \\$vpt. 312
=945  \\$p34
=945  \\$aDigiMet
=945  \\$vpt. 313
=945  \\$p28
=945  \\$aDigiMet
=945  \\$vpt. 314
=945  \\$p30
=945  \\$aDigiMet
=945  \\$vpt. 315
=945  \\$p28
=945  \\$aDigiMet
=945  \\$vpt. 316
=945  \\$p36
=945  \\$aDigiMet
=945  \\$vpt. 317
=945  \\$p30
=945  \\$aDigiMet
=945  \\$vpt. 318
=945  \\$p26
=945  \\$aDigiMet
=945  \\$vpt. 319
=945  \\$p20
=945  \\$aDigiMet
=945  \\$vpt. 320
=945  \\$p30
=945  \\$aDigiMet
=945  \\$vpt. 321
=945  \\$p28
=945  \\$aDigiMet
=945  \\$vpt. 322
=945  \\$p30
=945  \\$aDigiMet
=945  \\$vpt. 323
=945  \\$p28
=945  \\$aDigiMet
=945  \\$vpt. 325
=945  \\$p34
=945  \\$aDigiMet
=945  \\$vpt. 326
=945  \\$p28
=945  \\$aDigiMet
=945  \\$vpt. 327
=945  \\$p30
=945  \\$aDigiMet
=945  \\$vpt. 328
=945  \\$p34
=945  \\$aDigiMet
=945  \\$vpt. 329
=945  \\$p30
=945  \\$aDigiMet
=945  \\$vpt. 330
=945  \\$p30
=945  \\$aDigiMet
=945  \\$vpt. 331
=945  \\$p28
=945  \\$aDigiMet
=945  \\$vpt. 332
=945  \\$p26
=945  \\$aDigiMet
=945  \\$vpt. 333
=945  \\$p30
=945  \\$aDigiMet
=945  \\$vpt. 334
=945  \\$p30
=945  \\$aDigiMet
=945  \\$vpt. 335
=945  \\$p26
=945  \\$aDigiMet
=945  \\$vpt. 336
=945  \\$p30
=945  \\$aDigiMet
=946  \\$aUSDA
=994  \\$a92$bAGL

