=LDR  01173cam a2200361M  4500
=001  9915489559307426
=005  20240620191820.0
=008  800401s1966\\\\dcu\\\\\\\\\\\000\0\eng\d
=016  7\$aCAT10232114$2DNAL
=035  \\$a203420
=035  \\$a(OCoLC)1289037826
=035  \\$a(DNAL)203420-naldb-Voyager
=040  \\$aAGL$beng$cAGL
=049  \\$aAGLL
=070  \\$aA64.9$bR31A no. 83
=072  \0$a7000
=100  1\$aHolton, Charles Stewart,$d1904-
=245  10$aReactions of oat varieties to races of loose and covered smuts$c[by C. S. Holton and H. C. Murphy.
=260  \\$aWashington]$bAgricultural Research Service, U.S. Dept. of Agriculture,$c1966.
=300  \\$a12 p.$billus.$c26 cm.
=490  1\$a[U.S. Agricultural Research Service] ARS 34-83
=591  \\$bNAL Reclamation
=593  \\$fAgricola CAT
=650  \0$aOat smut.
=650  \0$aOats$xDisease resistant varieties.
=655  \3$aInternet resource.
=700  1\$aMurphy, Hickman Charles,$d1902-
=830  \0$aARS 34 ;$v83.
=856  41$uhttps://archive.org/details/reactionsofoatva3483holt
=912  \\$analcatalog
=930  \\$a20140209$b20140307$c00000000
=945  \\$aDigiMet
=945  \\$p16
=946  \\$aUSDA
=994  \\$a92$bAGL

