=LDR  01427cam a2200397M  4500
=001  9915489610207426
=005  20240624193627.0
=008  800401s1967\\\\dcu\\\\\\\\\\\000\0\eng\d
=016  7\$aCAT10244449$2DNAL
=035  \\$a203261
=035  \\$a(OCoLC)1289094061
=035  \\$a(DNAL)203261-naldb-Voyager
=040  \\$aAGL$beng$cAGL
=049  \\$aAGLL
=070  \\$aA381$bR31Ab no. 43
=072  \0$a7000
=111  2\$aResearch Conference on Safflower$n(1st :$d1967 :$cAlbany, Calif.)
=245  10$aFirst Research Conference on Utilization of Safflower, held May 25-26, 1967, Albany, California [Report.
=260  \\$aWashington]$bAgricultural Research Service, U.S. Dept. of Agriculture$c[1967]
=300  \\$a107 p.$billus.$c27 cm.
=490  1\$a[U.S. Agricultural Research Service] ARS 74-43
=504  \\$aIncludes bibliographies.
=591  \\$bNAL Reclamation
=593  \\$fAgricola CAT
=650  \0$aSafflower$vCongresses.
=655  \3$aInternet resource.
=710  2\$aWest Coast Oilseeds Development Committee.
=710  1\$aUnited States.$bAgricultural Research Service.$bWestern Utilization Research and Development Division.
=830  \0$aARS 74 ;$v43.
=856  41$uhttps://archive.org/details/firstresearchcon7443rese
=912  \\$analcatalog
=930  \\$a20140116$b20140207$c00000000
=945  \\$aDigiMet
=945  \\$p116
=946  \\$aUSDA
=959  \\$c2014-01-15$essouder$gurl
=959  \\$c2014-01-16$earojas$gap
=994  \\$a92$bAGL

