=LDR  01992cam a2200517 a 4500
=001  9915489624307426
=005  20240624193610.0
=008  800401s1966\\\\mdua\\\\\\\\\f000\0\eng\d
=016  7\$aCAT10232139$2DNAL
=035  \\$a203470
=035  \\$a(OCoLC)825823393
=035  \\$a(DNAL)203470-naldb-Voyager
=040  \\$aMUU$beng$cMUU$dOCLCO$dOCLCQ$dAGL$dOCLCO$dOCLCF$dAGL$dOCLCQ
=049  \\$aAGLL
=070  0\$aA56.9$bR31 no. 129
=072  \0$a8500
=086  0\$aA 77.15:ARS-41-129
=100  1\$aHunt, Charles G.
=245  10$aGiant sand point for a bubble gage orifice housing /$c[Charles G. Hunt, Harold E. Price, Russell R. Schoof, and Monroe A. Hartman].
=260  \\$a[Beltsville, Md.?] :$bAgricultural Research Service, U.S. Dept. of Agriculture,$c[1966]
=300  \\$a8 pages :$billustrations ;$c26 cm
=336  \\$atext$btxt$2rdacontent
=337  \\$aunmediated$bn$2rdamedia
=338  \\$avolume$bnc$2rdacarrier
=490  1\$aARS ;$v41-129
=530  \\$aAlso available on the Internet.
=591  \\$bNAL Reclamation
=593  \\$fAgricola CAT
=650  \0$aStream measurements.$0http://id.loc.gov/authorities/subjects/sh85128570
=650  \0$aGages.$0http://id.loc.gov/authorities/subjects/sh85052724
=655  \3$aInternet resource.
=700  1\$aSchoof, Russell R.
=700  1\$aPrice, Harold E.
=700  1\$aHartman, Monroe A.
=710  1\$aUnited States.$bAgricultural Research Service.$bSoil and Water Conservation Research Division.$0http://id.loc.gov/authorities/names/n83008026
=830  \0$aARS (Series) (United States. Agricultural Research Service) ;$v41-129.
=856  41$uhttps://archive.org/details/giantsandpointfo12hunt
=912  \\$analcatalog
=930  \\$a20201021$b00000000$c00000000
=939  \\$a20160210$b20160304$c00000000
=939  \\$a20131022$b20131101$c00000000
=945  \\$aDigiMet
=945  \\$p12
=946  \\$aUSDA
=958  \\$be$c2016-02-05$dn$edfriedma
=959  \\$c2016-02-10$earojas$gap
=959  \\$c2020-10-21$ecbarone$gother
=994  \\$a92$bAGL

