=LDR  02089cam a2200493Ia 4500
=001  9915490439507426
=005  20240620193738.0
=008  800401s1969\\\\utu\\\\\\b\\\f000\0\eng\d
=016  7\$aCAT10250151$2DNAL
=035  \\$a188008
=035  \\$a(OCoLC)32150127
=035  \\$a(DNAL)188008-naldb-Voyager
=040  \\$aSDB$beng$cSDB$dOCLCQ$dNUI$dOCLCQ$dOCLCF$dOCLCQ$dSEA$dAGM$dOCLCA$dAGL
=043  \\$an-us-mt
=049  \\$aAGLL
=070  \\$aA99.9$bF764Un no. 85
=072  \0$a7000
=086  0\$aA 13.79:INT-85
=100  1\$aHatch, Charles R.$0http://id.loc.gov/authorities/names/n79064945
=245  10$aNatural regeneration of Douglas-fir in central Montana /$cCharles R. Hatch and James E. Lotan.
=260  \\$aOgden, Utah :$bU.S. Dept. of Agriculture, Forest Service, Intermountain Forest & Range Experiment Station,$c1969.
=300  \\$a4 pages ;$c27 cm.
=336  \\$atext$btxt$2rdacontent
=337  \\$aunmediated$bn$2rdamedia
=338  \\$avolume$bnc$2rdacarrier
=490  1\$aU.S.D.A. Forest Service research note INT ;$v85
=504  \\$aIncludes bibliographical references (page 4).
=591  \\$bNAL Reclamation
=593  \\$fAgricola CAT
=650  \0$aDouglas fir$zMontana$xReproduction.
=650  \3$aPseudotsuga menziesii.
=650  \3$aNatural regeneration.
=651  \3$aMontana.
=651  \7$aMontana.$2fast$0(OCoLC)fst01207555
=655  \3$aInternet resource.
=700  1\$aLotan, James E.$c(Forester)$0http://id.loc.gov/authorities/names/n79023571
=710  2\$aIntermountain Forest and Range Experiment Station (Ogden, Utah)$0http://id.loc.gov/authorities/names/n79062786
=776  08$iOnline version:$aHatch, Charles R.$tNatural regeneration of Douglas-fir in central Montana.$dOgden, Utah : U.S. Dept. of Agriculture, Forest Service, Intermountain Forest & Range Experiment Station, 1969$w(OCoLC)621540084
=830  \0$aUSDA Forest Service research note INT ;$v85.
=856  41$uhttps://archive.org/details/naturalregenerat85hatc
=912  \\$analcatalog
=930  \\$a20140604$b00000000$c00000000
=945  \\$aDigiMet
=945  \\$p8
=946  \\$aUSDA
=994  \\$a92$bAGL

