=LDR  01471cam a2200457M  4500
=001  9915490442207426
=005  20240624194557.0
=008  800401s1967\\\\dcu\\\\\\\\\\\000\0\eng\d
=016  7\$aCAT10250447$2DNAL
=035  \\$a188881
=035  \\$a(OCoLC)1289016794
=035  \\$a(DNAL)188881-naldb-Voyager
=040  \\$aAGL$beng$cAGL
=049  \\$aAGLL
=070  \\$aA381$bR31Ab no. 39
=072  \0$a1500
=100  1\$aLineweaver, Hans,$d1907-
=245  10$aHeat stability of egg white proteins under minimal conditions that kill salmonellae$c[by Hans Lineweaver and others.
=260  \\$aWashington]$bAgricultural Research Service, U.S. Dept. of Agriculture,$c1967.
=300  \\$a14 p.$billus.$c26 cm.
=490  1\$a[U.S. Agricultural Research Service] ARS 74-39
=504  \\$aBibliography: p. 13-14.
=591  \\$bNAL Reclamation
=593  \\$fAgricola CAT
=650  \0$aAlbumins.
=650  \0$aSalmonella group.
=650  \0$aProteins$xEffect of heat on.
=650  \0$aHeat in food processing.
=655  \3$aInternet resource.
=700  1\$aCunningham, F. E.
=700  1\$aGaribaldi, J. A.
=700  1\$aIjichi, Kosuke.
=830  \0$aARS 74 ;$v39.
=856  41$uhttps://archive.org/details/heatstabilityofe7439line
=912  \\$analcatalog
=930  \\$a20140115$b20140207$c00000000
=939  \\$a20120716$b20120803$c00000000
=945  \\$aDigiMet
=945  \\$p20
=946  \\$aUSDA
=959  \\$c2014-01-15$essouder$gurl
=959  \\$c2012-07-15$edcollins$gap
=994  \\$a92$bAGL

