=LDR  01376cam a2200385Ia 4500
=001  9915490450907426
=005  20240624194557.0
=008  800401s1967\\\\dcua\\\\\b\\\f000\0\eng\d
=016  7\$aCAT10238062$2DNAL
=035  \\$a188966
=035  \\$a(OCoLC)44139924
=035  \\$a(DNAL)188966-naldb-Voyager
=040  \\$aPCT$beng$cPCT$dIUL$dNUI$dOCLCA$dOCLCF$dOCLCQ$dOKS$dAGL
=049  \\$aAGLL
=070  \\$a1.9$bEx892Esc no. 560
=072  \0$a1500
=086  0\$aA 43.4:560
=245  00$aGinning cotton to preserve fiber quality.
=260  \\$a[Washington, D.C.] :$b[Federal Extension Service]:$b[For sale by the Supt. of Docs., U.S. G.P.O.],$c[1967]
=300  \\$a19 pages :$billustrations ;$c26 cm
=336  \\$atext$btxt$2rdacontent
=337  \\$aunmediated$bn$2rdamedia
=338  \\$avolume$bnc$2rdacarrier
=504  \\$aIncludes bibliographical references (page 19).
=591  \\$bNAL Reclamation
=593  \\$fAgricola CAT
=650  \0$aCotton gins and ginning.$0http://id.loc.gov/authorities/subjects/sh85033328
=655  \3$aInternet resource.
=710  1\$aUnited States.$bFederal Extension Service.$0http://id.loc.gov/authorities/names/n80120738
=856  41$uhttps://archive.org/details/ginningcottontop56pend
=912  \\$analcatalog
=930  \\$a20140306$b00000000$c00000000
=945  \\$aDigiMet
=945  \\$p24
=946  \\$aUSDA
=959  \\$c2014-03-06$earojas$gap
=994  \\$a92$bAGL

