=LDR  01474cam a2200457Ia 4500
=001  9915490541307426
=005  20240624194612.0
=008  800401s1959\\\\dcua\\\\\\\\\f000\0\eng\d
=016  7\$aCAT10250204$2DNAL
=035  \\$a188166
=035  \\$a(OCoLC)09301069
=035  \\$a(DNAL)188166-naldb-Voyager
=040  \\$aAEY$beng$cAEY$dOCLCQ$dOCLCO$dCSF$dOCLCF$dAGL
=043  \\$an-us-va
=049  \\$aAGLL
=050  \0$aS622$b.U552a no. 136
=070  \\$a1.96$bAd6Tp no. 136
=072  \0$a8500
=086  0\$aA 57.15:136
=100  1\$aHoleman, John N.
=245  10$aSedimentation of Lake Barcroft, Fairfax County, Va. /$cJohn N. Holeman and A.F. Geiger.
=260  \\$a[Washington] :$bU.S. Dept. of Agriculture, Soil Conservation Service,$c1959.
=300  \\$a12 pages :$billustrations ;$c27 cm.
=336  \\$atext$btxt$2rdacontent
=337  \\$aunmediated$bn$2rdamedia
=338  \\$avolume$bnc$2rdacarrier
=490  1\$aSCS-TP ;$v136
=591  \\$bNAL Reclamation
=593  \\$fAgricola CAT
=650  \0$aSedimentation and deposition$zVirginia$zBarcroft, Lake.
=650  \0$aLake sediments$zVirginia$zBarcroft, Lake.
=651  \0$aBarcroft, Lake (Va.)
=655  \3$aInternet resource.
=700  1\$aGeiger, A. F.
=830  \0$aSCS-TP ;$v136.
=856  41$uhttps://archive.org/details/sedimentationofl136hole
=912  \\$analcatalog
=930  \\$a20140703$b00000000$c00000000
=945  \\$aDigiMet
=945  \\$p20
=946  \\$aUSDA
=959  \\$c2014-07-03$earojas$gap
=994  \\$a92$bAGL

