=LDR  01550cam a2200457Ia 4500
=001  9915490584407426
=005  20240624194634.0
=008  800401s1960\\\\dcua\\\\\\\\\f000\0\eng\d
=016  7\$aCAT10250199$2DNAL
=035  \\$a188151
=035  \\$a(OCoLC)07452367
=035  \\$a(DNAL)188151-naldb-Voyager
=040  \\$aCOF$beng$cCOF$dOCLCQ$dOCLCF$dOCLCQ$dOCLCO$dAGM$dKUK$dAGL
=043  \\$an-us---
=049  \\$aAGLL
=070  \\$a1.96$bAd6Tp no. 138
=072  \0$a8000
=086  0\$aA 57.15:138
=100  1\$aHockensmith, Roy D.$q(Roy Douglas),$d1905-
=245  14$aThe National Cooperative Soil Survey in the United States /$cby Roy D. Hockensmith.
=260  \\$a[Washington, D.C.?] :$bU.S. Dept. of Agriculture, Soil Conservation Service,$c1960.
=300  \\$a10 pages :$billustrations ;$c28 cm.
=336  \\$atext$btxt$2rdacontent
=337  \\$aunmediated$bn$2rdamedia
=338  \\$avolume$bnc$2rdacarrier
=490  1\$aSCS-TP ;$v138
=591  \\$bNAL Reclamation
=593  \\$fAgricola CAT
=650  \0$aSoil surveys$zUnited States.
=650  \3$asoil surveys.
=651  \3$aUnited States.
=651  \7$aUnited States.$2fast$0(OCoLC)fst01204155
=655  \3$aInternet resource.
=710  1\$aUnited States.$bSoil Conservation Service.$0http://id.loc.gov/authorities/names/n78085479
=830  \0$aSCS-TP ;$v138.
=856  41$uhttps://archive.org/details/nationalcooperat138hock
=912  \\$analcatalog
=930  \\$a20140703$b00000000$c00000000
=945  \\$aDigiMet
=945  \\$p16
=946  \\$aUSDA
=959  \\$c2014-07-03$earojas$gap
=994  \\$a92$bAGL

