=LDR  01647cam a2200445Ia 4500
=001  9915490584607426
=005  20240624194632.0
=008  800401s1965\\\\dcub\\\\\\\\\f000\0\eng\d
=016  7\$aCAT10225464$2DNAL
=035  \\$a188433
=035  \\$a(OCoLC)16815146
=035  \\$a(DNAL)188433-naldb-Voyager
=040  \\$aRQF$beng$cRQF$dAGL$dIUL$dOCLCQ$dOCLCF$dOCLCQ$dOCLCO$dOKS$dGZM
=043  \\$anc-----
=049  \\$aAGLL
=070  \\$aA281.9$bF76Fm no. 168
=072  \0$a1500
=086  0\$aA 67.26:168
=100  1\$aGerrity, Martin V.
=245  14$aThe beef export trade of Central America /$c[by Martin V. Gerrity].
=260  \\$a[Washington, D.C.] :$bU.S. Dept. of Agriculture, Foreign Agricultural Service,$c1965.
=300  \\$a11 pages :$bmap ;$c26 cm.
=336  \\$atext$btxt$2rdacontent
=337  \\$aunmediated$bn$2rdamedia
=338  \\$avolume$bnc$2rdacarrier
=490  1\$aFAS-M ;$v168
=591  \\$bNAL Reclamation
=593  \\$fAgricola CAT
=650  \0$aBeef industry$zCentral America.
=651  \7$aCentral America.$2fast$0(OCoLC)fst01244535
=655  \3$aInternet resource.
=710  1\$aUnited States.$bForeign Agricultural Service.$0http://id.loc.gov/authorities/names/n80126196
=776  08$iOnline version:$aGerrity, Martin V.$tBeef export trade of Central America.$d[Washington, D.C.] : U.S. Dept. of Agriculture, Foreign Agricultural Service, 1965$w(OCoLC)657047993
=830  \0$aFAS M ;$v168.
=856  41$uhttps://archive.org/details/beefexporttradeo168gerr
=912  \\$analcatalog
=930  \\$a20140306$b20140404$c00000000
=945  \\$aDigiMet
=945  \\$p20
=946  \\$aUSDA
=959  \\$c2014-03-06$earojas$gap
=994  \\$a92$bAGL

