=LDR  01732cam a2200457Ia 4500
=001  9915490599307426
=005  20240624194642.0
=008  800401s1961\\\\dcub\\\\\\\\\s000\0\eng\d
=016  7\$aCAT10250161$2DNAL
=035  \\$a188038
=035  \\$a(OCoLC)37439064
=035  \\$a(DNAL)188038-naldb-Voyager
=040  \\$aWCA$beng$cWCA$dOCLCQ$dOCLCF$dOCLCQ$dOCLCO$dAGL
=043  \\$an-us---
=049  \\$aAGLL
=070  \\$a1.96$bAd6Tp no. 139
=072  \0$a8500
=100  1\$aHedges, R. Frank.
=245  10$aStatus of state legislation relating to the watershed protection and flood prevention act as amended /$cby R. Frank Hedges ad L.M. Adams.
=260  \\$a[Washington] :$bU.S. Dept. of Agriculture, Soil Conservation Service,$c1961.
=300  \\$a14 pages :$bmap ;$c26 cm.
=336  \\$atext$btxt$2rdacontent
=337  \\$aunmediated$bn$2rdamedia
=338  \\$avolume$bnc$2rdacarrier
=490  1\$aSCS-TP ;$v139
=591  \\$bNAL Reclamation
=593  \\$fAgricola CAT
=610  10$aUnited States.$tWatershed Protection and Flood Prevention Act$0http://id.loc.gov/authorities/names/n86054675
=630  07$aWatershed Protection and Flood Prevention Act (United States)$2fast$0(OCoLC)fst01380910
=650  \0$aFlood damage prevention$zUnited States.
=651  \7$aUnited States.$2fast$0(OCoLC)fst01204155
=655  \3$aInternet resource.
=700  1\$aAdams, L. M.
=710  1\$aUnited States.$bSoil Conservation Service.$0http://id.loc.gov/authorities/names/n78085479
=830  \0$aSCS-TP ;$v139.
=856  41$uhttps://archive.org/details/statusofstateleg139hedg
=912  \\$analcatalog
=930  \\$a20140703$b00000000$c00000000
=945  \\$aDigiMet
=945  \\$p22
=946  \\$aUSDA
=959  \\$c2014-07-03$earojas$gap
=994  \\$a92$bAGL

