=LDR  01243cam a2200373M  4500
=001  9915490606607426
=005  20240624194635.0
=008  800401s1967\\\\dcu\\\\\\\\\\\000\0\eng\d
=016  7\$aCAT10237798$2DNAL
=035  \\$a188194
=035  \\$a(OCoLC)1289034910
=035  \\$a(DNAL)188194-naldb-Voyager
=040  \\$aAGL$beng$cAGL
=049  \\$aAGLL
=070  \\$aA321.9$bR31 no. 15
=072  \0$a4000
=100  1\$aKrassa, Lucie Gruess,$d1913-
=245  10$aResearch on time spent in homemaking; an annotated list of references.$c[Compiled by Lucie G. Krassa and Emma G. Holmes.
=260  \\$aWashington]$bAgricultural Research Service, U.S. Dept. of Agriculture,$c1967.
=300  \\$a16 p.$c26 cm.
=490  1\$a[U.S. Agricultural Research Service] ARS 62-15
=591  \\$bNAL Reclamation
=593  \\$fAgricola CAT
=650  \0$aHome economics$vBibliography.
=655  \3$aInternet resource.
=700  1\$aHolmes, Emma G.$q(Emma Grace),$d1906-
=830  \0$aARS-62 ;$v15.
=856  41$uhttps://archive.org/details/researchontimesp6215kras
=912  \\$analcatalog
=930  \\$a20140505$b20140606$c00000000
=939  \\$a20130326$b20130404$c00000000
=945  \\$aDigiMet
=945  \\$p20
=946  \\$aUSDA
=959  \\$c2013-03-26$earojas$gap
=994  \\$a92$bAGL

