=LDR  01565cam a2200469Ia 4500
=001  9915490620407426
=005  20240624194638.0
=008  800401s1965\\\\dcuab\\\\\\\\f000\0\eng\c
=010  \\$aagr66000034 
=016  7\$aCAT10225514$2DNAL
=035  \\$a188581
=035  \\$a(OCoLC)13190175
=035  \\$a(DNAL)188581-naldb-Voyager
=040  \\$aU.S. Nat'l Agr. Libr.$beng$cDRB$dDRB$dAGL$dOCLCQ$dOCLCF$dOCLCQ$dOCLCO$dOKS$dOCLCA$dINT$dWURST
=043  \\$aa-ii---
=049  \\$aAGLL
=050  \0$aS21$b.Z2383 no.170
=070  \\$aA281.9$bF76Fm no. 170
=072  \0$a7000
=086  0\$aA 67.26:170
=100  1\$aHarness, Vernon Leonard,$d1933-
=245  10$aCotton in India /$c[by Vernon L. Harness].
=260  \\$a[Washington, D.C.] :$bU.S. Dept. of Agriculture, Foreign Agricultural Service,$c1965.
=300  \\$aiii, 17 pages :$billustrations, map ;$c26 cm.
=336  \\$atext$btxt$2rdacontent
=337  \\$aunmediated$bn$2rdamedia
=338  \\$avolume$bnc$2rdacarrier
=490  1\$aFAS-M ;$v170
=591  \\$bNAL Reclamation
=593  \\$fAgricola CAT
=650  \0$aCotton$zIndia.
=650  \0$aCotton trade$zIndia.
=651  \7$aIndia.$2fast$0(OCoLC)fst01210276
=655  \3$aInternet resource.
=710  1\$aUnited States.$bForeign Agricultural Service.$0http://id.loc.gov/authorities/names/n80126196
=830  \0$aFAS M ;$v170.
=856  41$uhttps://archive.org/details/cottoninindia170harn
=912  \\$analcatalog
=930  \\$a20140306$b20140404$c00000000
=945  \\$aDigiMet
=945  \\$p24
=946  \\$aUSDA
=959  \\$c2014-03-06$earojas$gap
=994  \\$a92$bAGL

