=LDR  01306cam a22003853  4500
=001  9915490702307426
=005  20240624194633.0
=008  800401s1966\\\\dcu\\\\\\\\\\f000\0\eng\d
=016  7\$aCAT10225442$2DNAL
=035  \\$a188368
=035  \\$a(OCoLC)1084305343
=035  \\$a(DNAL)188368-naldb-Voyager
=040  \\$aGPO$beng$cGPO$dOCLCO$dOCLCF$dAGL
=049  \\$aAGLL
=070  \\$aA321.9$bR31 no. 14
=072  \0$a4000
=086  0\$aA 77.15:62-14
=245  00$aNutritive value of food available for consumption, United States, 1909-64 /$c[by Berta Friend].
=260  \\$a[Washington, D.C.,$c1966]
=300  \\$a18 p.
=490  1\$aARS (series) ;$v62-14
=591  \\$bNAL Reclamation
=593  \\$fAgricola CAT
=650  \0$aFood consumption$zUnited States.
=650  \0$aNutrition$zUnited States.
=651  \7$aUnited States.$2fast$0(OCoLC)fst01204155
=655  \3$aInternet resource.
=710  1\$aUnited States.$bAgricultural Research Service.$0http://id.loc.gov/authorities/names/n79108942
=830  \0$aARS (Series) (United States. Agricultural Research Service) ;$v62-14.
=856  41$uhttps://archive.org/details/nutritivevalueof6214frie
=912  \\$analcatalog
=930  \\$a20140506$b00000000$c00000000
=945  \\$aDigiMet
=945  \\$p24
=946  \\$aUSDA
=959  \\$c2014-05-06$earojas$gap
=994  \\$a92$bAGL

