=LDR  02158cam a2200565Ia 4500
=001  9915490706107426
=005  20240624194632.0
=008  800401s1967\\\\orua\\\\\\\\\f000\0\eng\d
=016  7\$aCAT10237867$2DNAL
=019  \\$a1039850368$a1231879763
=035  \\$a188396
=035  \\$a(OCoLC)57717333$z(OCoLC)1039850368$z(OCoLC)1231879763
=035  \\$a(DNAL)188396-naldb-Voyager
=035  \\$z(OCoLC)1039850368$z(OCoLC)1231879763
=040  \\$aAZN$beng$cAZN$dOCLCQ$dOCLCF$dOCLCO$dOCLCQ$dSEA$dAGM$dOCLCA$dWURST$dAGL
=043  \\$an-us-or
=049  \\$aAGLL
=070  \\$aA99.9$bF7625U no. 58
=072  \0$a4500
=086  0\$aA 13.79:PNW-58
=100  1\$aLund, H. Gyde.$0http://id.loc.gov/authorities/names/n85317604
=245  10$aAerial photo interpretation of understories in two Oregon oak stands /$cby H. Gyde Lund, George R. Fahnestock, and John F. Wear.
=260  \\$aPortland, Or. :$bPacific Northwest Forest and Range Experiment Station, U.S. Dept. of Agriculture,$c[1967]
=300  \\$a6 pages :$billustrations ;$c28 cm.
=336  \\$atext$btxt$2rdacontent
=337  \\$aunmediated$bn$2rdamedia
=338  \\$avolume$bnc$2rdacarrier
=490  1\$aU.S. Forest Service research note PNW ;$v58
=591  \\$bNAL Reclamation
=593  \\$fAgricola CAT
=650  \0$aUnderstory plants$zOregon.
=650  \0$aOak$zOregon.
=650  \0$aAerial photography in forestry$zOregon.
=650  \3$aQuercus.
=650  \3$aaerial photography.
=650  \3$aimage interpretation.
=650  \3$aground vegetation.
=651  \3$aOregon.
=651  \7$aOregon.$2fast$0(OCoLC)fst01204579
=655  \3$aInternet resource.
=700  1\$aFahnestock, George R.$0http://id.loc.gov/authorities/names/n88631869
=700  1\$aWear, John F.
=710  2\$aPacific Northwest Forest and Range Experiment Station (Portland, Or.)$0http://id.loc.gov/authorities/names/n80126131
=830  \0$aU.S. Forest Service research note PNW ;$v58.
=856  41$uhttps://archive.org/details/aerialphotointer58lund
=912  \\$analcatalog
=930  \\$a20140506$b00000000$c00000000
=945  \\$aDigiMet
=945  \\$p10
=946  \\$aUSDA
=959  \\$c2014-05-06$earojas$gap
=994  \\$a92$bAGL

