=LDR  02581cas a2200409M  4500
=001  9915492105307426
=005  20240620201013.0
=008  001205d19uu19uudcuuu\\\\\\\\f0\\\\0eng\d
=016  7\$aCAT11090373$2DNAL
=035  \\$a860126
=035  \\$a(OCoLC)1289118844
=035  \\$a(DNAL)860126-naldb-Voyager
=040  \\$aAGL$beng$cAGL
=049  \\$aRQIC
=070  0\$aA41.9$bR31S
=110  1\$aUnited States.$bAgricultural Research Service.$bAnimal Disease Eradication Division.
=245  10$aSummary; brucellosis eradication, bovine, indemnity and average; tuberculosis eradication, bovine, paratuberculosis, swine, avian, indemnity and average in cooperation with the various states.
=260  \\$a[Washington]
=362  1\$aCeased.
=580  \\$aContinued by U.S. Agricultural Research Service. Animal Health Division. Summary; brucellosis eradication, bovine, indemnity and average; tuberculosis eradication, bovine, paratuberculosis,swine, avian, indemnity and average in cooperation with the various States.
=580  \\$aSupersedes earlier reports decat. under Agency review, Mar.1959: U.S. Bureau of Animal Industry. Summary of Bang's disease control program. Summary of avian tuberculosis eradication work ... with the States; Summary of tuberculosis eradication work ... Various states Statement of indemnity clains and averages ... Summary of Bang's disease work ... various states.
=591  \\$bNAL Reclamation
=593  \\$fAgricola CAT
=650  \3$abrucellosis.
=655  \3$aInternet resource.
=780  00$aUnited States. Bureau of Animal Industry.$tSummary of avian tuberculosis eradication work ... with the States
=780  00$aUnited States. Bureau of Animal Industry.$tSummary of tuberculosis eradication work ... various stages
=780  00$aUnited States. Bureau of Animal Industry.$tStatement of indemnity claims and averages ...
=780  00$aUnited States. Bureau of Animal Industry.$tSummary of Bang's disease work ... various states
=780  00$aUnited States. Bureau of Animal Industry.$tSummary of Bang's disease control program
=785  00$aUnited States. Agricultural Research Service. Animal Health Division.$tSummary; brucellosis eradication, bovine, indemnity and average; tuberculosis eradication, bovine, paratuberculosis,swine, avian, indemnity and average in cooperation with the various States
=856  41$uhttps://archive.org/details/usda-summarybrucellosiseradication
=912  \\$analcatalog
=930  \\$a20200207$b20200302$c00000000
=939  \\$a20140207$b20140307$c00000000
=945  \\$aDigiMet
=945  \\$vpt. 1
=945  \\$p92
=945  \\$aDigiMet
=945  \\$vpt. 2
=945  \\$p116
=945  \\$aDigiMet
=945  \\$vpt. 3
=945  \\$p116
=945  \\$aDigiMet
=945  \\$vpt. 4
=945  \\$p88
=945  \\$aDigiMet
=945  \\$vpt. 5
=945  \\$p100
=945  \\$aDigiMet
=945  \\$vpt. 6
=945  \\$p100
=945  \\$aDigiMet
=945  \\$vpt. 7
=945  \\$p100
=945  \\$aDigiMet
=945  \\$vpt. 8
=945  \\$p100
=946  \\$aUSDA
=994  \\$a92$bAGL

