=LDR  01314cam a2200433Ma 4500
=001  9915492353407426
=005  20240624195932.0
=008  950126s1940\\\\ctua\\\\\\\\\\000\0\eng\d
=016  7\$aCAT10890615$2DNAL
=035  \\$a660758
=035  \\$a(OCoLC)1288980482
=035  \\$a(DNAL)660758-naldb-Voyager
=040  \\$aAGL$beng$cAGL
=049  \\$aRQIB
=070  0\$a91$bAs7 Ed.8
=070  0\$a62.13$b1940
=072  \0$aF110
=110  2\$aAssociated Seed Growers, Inc.
=245  12$aA descriptive catalogue of vegetables /$cAssociated Seed Growers, Inc.
=260  \\$aNew Haven, Conn. :$bAssociated Seed Growers, Inc.,$c1940.
=300  \\$a"January 1st, 1940."
=591  \\$bNAL Reclamation
=593  \\$fAgricola CAT
=650  \0$aVegetables.
=650  \0$aCommercial catalogs.
=650  \0$aNurseries (Horticulture)$vCatalogs.
=650  \0$aVegetables$xSeeds$vCatalogs.
=650  \0$aSeeds$vCatalogs.
=650  \0$aHerbs$vCatalogs.
=655  \3$aInternet resource.
=856  41$uhttps://archive.org/details/descriptivecatal1940asso
=911  \\$ichl00046518
=912  \\$analcatalog
=930  \\$a20140902$b20141003$c00000000
=939  \\$a20140710$b20140807$c00000000
=945  \\$aDigiMet
=945  \\$p104
=945  \\$aDigiMet
=946  \\$aOther US
=958  \\$aresource$be$c2014-07-10$do$ecojoade$hrecon
=994  \\$a92$bAGL

