=LDR  02207cam a2200613Ia 4500
=001  9915494336407426
=005  20240620211457.0
=008  960606s1996\\\\utuab\\\\b\\\f000\0\eng\\
=016  7\$aCAT10749514$2DNAL
=019  \\$a988729919$a1039834814$a1231885568
=035  \\$a779423
=035  \\$a(OCoLC)34852414$z(OCoLC)988729919$z(OCoLC)1039834814$z(OCoLC)1231885568
=035  \\$a(DNAL)779423-naldb-Voyager
=035  \\$z(OCoLC)988729919$z(OCoLC)1039834814$z(OCoLC)1231885568
=040  \\$aAGL$beng$cAGL$dOCLCQ$dOCLCO$dOCLCF$dOCLCQ$dCOD$dOCLCA$dAGM$dOCLCA$dAGL
=043  \\$an-us-id
=049  \\$aAGLL
=050  \0$aSD11$b.O373 no.86, 1996
=070  0\$aA99.9$bF764Ub no.86
=072  \0$aK130
=086  0\$aA 13.80:INT-RB-86
=100  1\$aMcLain, William H.$0http://id.loc.gov/authorities/names/n85232629
=245  10$aLogging utilization-- Idaho, 1990 /$cWilliam H. McLain.
=260  \\$aOgden, UT :$bU.S. Dept. of Agriculture, Forest Service, Intermountain Research Station,$c[1996]
=300  \\$a16 pages :$billustrations, map ;$c28 cm.
=336  \\$atext$btxt$2rdacontent
=337  \\$aunmediated$bn$2rdamedia
=338  \\$avolume$bnc$2rdacarrier
=490  1\$aResource bulletin INT ;$vRB-86
=504  \\$aIncludes bibliographical references (page 12).
=591  \\$bNAL Reclamation
=593  \\$fAgricola CAT
=650  \0$aLogging$zIdaho.
=650  \0$aTimber$zIdaho.
=650  \3$alogging.
=650  \3$aforest statistics.
=650  \3$aforest inventory.
=650  \3$awood utilization.
=650  \3$aforest products.
=650  \3$aforest ownership.
=650  \3$anational forests.
=651  \3$aIdaho.
=651  \7$aIdaho.$2fast$0(OCoLC)fst01211709
=655  \3$aInternet resource.
=710  1\$aUnited States.$bDepartment of Agriculture.
=710  2\$aIntermountain Research Station (Ogden, Utah)$0http://id.loc.gov/authorities/names/n85066590
=830  \0$aResource bulletin INT ;$v86.
=856  41$uhttps://archive.org/details/loggingutilizati86mcla
=912  \\$analcatalog
=930  \\$a20140603$b20140704$c00000000
=939  \\$a19960709$b19960712$c00000000
=945  \\$dRLG$e96/06/04$fAR$g96/06/06$n1
=945  \\$p24
=945  \\$aDigiMet
=946  \\$aUSDA
=994  \\$a92$bAGL

