=LDR  02363cam a2200577 a 4500
=001  9915494672407426
=005  20240624165400.0
=008  990622s1998\\\\dcua\\\\\s\\\f000\0\eng\\
=010  \\$a   98214349 
=016  7\$aCAT10872541$2DNAL
=035  \\$a831850
=035  \\$a(OCoLC)40716823
=035  \\$a(DNAL)831850-naldb-Voyager
=040  \\$aDLC$beng$cDLC$dAGL$dOCLCQ$dBTCTA$dOCLCQ$dOCLCF$dOCLCO$dUAB
=043  \\$an-us---
=049  \\$aAGLL
=050  00$aS21$b.D57 1998
=070  0\$a1$bAg84M no.1551
=072  \0$aX700
=110  1\$aUnited States.$bDepartment of Agriculture.$bSecretary's Advisory Committee for Employees with Disabilities.$0http://id.loc.gov/authorities/names/n98105403
=245  12$aA time for change :$ba report of the USDA Secretary's Advisory Committee for Employees with Disabilities /$cUnited States Department of Agriculture, Secretary's Advisory Committee for Employees with Disabilities.
=260  \\$aWashington, D.C. :$bThe Dept.,$c[1998]
=300  \\$a58 pages :$billustrations ;$c28 cm
=336  \\$atext$btxt$2rdacontent
=337  \\$aunmediated$bn$2rdamedia
=338  \\$avolume$bnc$2rdacarrier
=530  \\$aAlso available on the Internet.
=591  \\$bNAL Reclamation
=593  \\$fAgricola CAT
=610  10$aUnited States.$bDepartment of Agriculture$xOfficials and employees.$0http://id.loc.gov/authorities/subjects/sh87006120
=610  17$aUnited States.$bDepartment of Agriculture$2fast$0(OCoLC)fst01852329
=650  \0$aPeople with disabilities$xEmployment$zUnited States.
=651  \7$aUnited States.$2fast$0(OCoLC)fst01204155
=655  \3$aInternet resource.
=856  41$uhttp://www.usda.gov/oo/time4change.htm
=856  41$uhttps://archive.org/details/timeforchangerep1551unit
=912  \\$analcatalog
=930  \\$a20240815$b00000000$c00000000
=938  \\$aBaker and Taylor$bBTCP$n98214349
=939  \\$a20211217$b00000000$c00000000
=939  \\$a20140305$b20140404$c00000000
=939  \\$a20070525$b20070602$c00000000
=939  \\$a20051017$b20051102$c00000000
=939  \\$a19990702$b19990709$c00000000
=945  \\$aDigiMet
=945  \\$p72
=945  \\$aDigiMet
=945  \\$dVS$e99/06/18$fVS$g99/06/18$n1
=946  \\$aUSDA
=958  \\$aresource$be$c2021-12-17$do$emmcdaniel$hrecon$gdigitization$fDAB
=959  \\$c 2024-08-15$e axu $g other
=959  \\$c2013-04-02$essouder$gap
=994  \\$a92$bAGL

