=LDR  01833cam a2200481Ia 4500
=001  9915495987107426
=005  20240620170619.0
=008  981019s1993\\\\dcu\\\\\\\\\\f000\0\eng\d
=016  7\$aCAT10856195$2DNAL
=035  \\$a821710
=035  \\$a(OCoLC)29687220
=035  \\$a(DNAL)821710-naldb-Voyager
=040  \\$aOSO$beng$cOSO$dAGL$dOCLCQ$dOCLCF$dOCLCQ$dOCLCO
=043  \\$an-us---
=049  \\$aAGLL
=050  \0$aSD409$b.FR-27
=070  0\$aaSD143.R69$b1993
=072  \0$aK200
=072  \0$aF130
=245  00$aRPA assessment of the forest and rangeland situation in the United States, 1993 update :$bdraft /$cUSDA Forest Service.
=260  \\$aWashington, DC :$bThe Service,$c[1993]
=300  \\$aiii, 102 pages ;$c28 cm
=336  \\$atext$btxt$2rdacontent
=337  \\$aunmediated$bn$2rdamedia
=338  \\$avolume$bnc$2rdacarrier
=591  \\$bNAL Reclamation
=593  \\$fAgricola CAT
=650  \0$aForests and forestry$zUnited States.
=650  \0$aRangelands$zUnited States.
=650  \0$aForest management$zUnited States.
=650  \0$aRange management$zUnited States.
=650  \0$aRenewable natural resources$zUnited States.$0http://id.loc.gov/authorities/subjects/sh85112841
=651  \7$aUnited States.$2fast$0(OCoLC)fst01204155
=655  \3$aInternet resource.
=710  1\$aUnited States.$bForest Service.$0http://id.loc.gov/authorities/names/n79054932
=776  08$iOnline version:$tRPA assessment of the forest and rangeland situation in the United States, 1993 update.$dWashington, DC : The Service, [1993]$w(OCoLC)903456482
=856  41$uhttps://archive.org/details/rpaassessmentoff27unit
=912  \\$analcatalog
=930  \\$a20140305$b20140404$c00000000
=939  \\$a19981102$b19981110$c00000000
=945  \\$dDF$e98/10/16$fVS$g98/10/19
=945  \\$p92
=945  \\$aDigiMet
=946  \\$aUSDA
=994  \\$a92$bAGL

