=LDR  01868cam a2200493Ia 4500
=001  9915496122307426
=005  20240624173255.0
=008  981020s1972\\\\dcu\\\\\\\\\\f000\0\eng\d
=016  7\$aCAT10856520$2DNAL
=035  \\$a821860
=035  \\$a(OCoLC)08848174
=035  \\$a(DNAL)821860-naldb-Voyager
=040  \\$aMRH$beng$cMRH$dOCL$dAGL$dOCLCQ$dOCLCF$dOCLCQ$dOCLCO$dOCLCA
=043  \\$an-us---
=049  \\$aAGLL
=070  0\$a1$bAg84M no.1063 1972
=072  \0$aA000
=072  \0$aE100
=245  00$aFact book of U.S. agriculture /$ccompiled from department sources by Glenn White, Office of Information.
=250  \\$aRev. Mar., 1972.
=260  \\$a[Washington] :$b[U.S. Dept. of Agriculture],$c[1972]
=300  \\$avi, 87 pages ;$c23 cm.
=336  \\$atext$btxt$2rdacontent
=337  \\$aunmediated$bn$2rdamedia
=338  \\$avolume$bnc$2rdacarrier
=490  1\$aMiscellaneous publication ;$vno. 1063
=591  \\$bNAL Reclamation
=593  \\$fAgricola CAT
=650  \0$aAgriculture$zUnited States.$0http://id.loc.gov/authorities/subjects/sh85002470
=650  \0$aAgriculture$xEconomic aspects$zUnited States.
=651  \7$aUnited States.$2fast$0(OCoLC)fst01204155
=655  \3$aInternet resource.
=700  1\$aWhite, Glenn.
=710  1\$aUnited States.$bDepartment of Agriculture.
=776  08$iOnline version:$tFact book of U.S. agriculture.$bRev. Mar., 1972.$d[Washington] : [U.S. Dept. of Agriculture], [1972]$w(OCoLC)989724729
=830  \0$aMiscellaneous publication (United States. Department of Agriculture) ;$vno. 1063.
=856  41$uhttps://archive.org/details/factbookofusagri1063whit
=912  \\$analcatalog
=930  \\$a20140305$b20140404$c00000000
=939  \\$a19981102$b19981110$c00000000
=945  \\$dML$e98/10/13$fAR$g98/10/20$n1
=945  \\$p104
=945  \\$aDigiMet
=946  \\$aUSDA
=959  \\$c2013-04-02$essouder$gap
=994  \\$a92$bAGL

