=LDR  01141cam a2200361   4500
=001  9915496485407426
=005  20240620172556.0
=008  861024nuuuuuuuuxx\a\\\\\\\\\\000\0\eng\d
=016  7\$aCAT10724001$2DNAL
=035  \\$a328324
=035  \\$a(OCoLC)42193150
=035  \\$a(DNAL)328324-naldb-Voyager
=040  \\$aMUU$beng$cMUU$dAGL$dOCLCF$dOCLCQ$dOCLCO$dOCLCQ
=049  \\$aRQIB
=070  0\$a47$bR16I
=072  \0$aL200
=100  1\$aRankin, James.
=245  14$aThe incubator and its use.
=260  \\$c[date of publication not identified]
=300  \\$a72 pages$billustrations$c18 cm
=336  \\$atext$btxt$2rdacontent
=337  \\$aunmediated$bn$2rdamedia
=338  \\$avolume$bnc$2rdacarrier
=591  \\$bNAL Reclamation
=593  \\$fAgricola CAT
=650  \0$aIncubators.$0http://id.loc.gov/authorities/subjects/sh85064807
=776  08$iOnline version:$aRankin, James.$tIncubator and its use.$dn.d.$w(OCoLC)700908615
=856  41$uhttps://archive.org/details/incubatoritsuse00rank
=911  \\$ichl00017873
=912  \\$analcatalog
=930  \\$a20140702$b20140807$c00000000
=945  \\$aDigiMet
=945  \\$p80
=946  \\$aOther US
=994  \\$a92$bAGL

