=LDR  01719cam a2200421I  4500
=001  9915496612307426
=005  20240620172624.0
=008  861027s1912\\\\ilua\\\\\\\\\\000\0\eng\\
=010  \\$a   12004435 
=016  7\$aCAT10724073$2DNAL
=035  \\$a328433
=035  \\$a(OCoLC)06418312
=035  \\$a(DNAL)328433-naldb-Voyager
=040  \\$aDLC$beng$cNRC$dNRC$dAGL$dKRTAS$dOCLCF$dOCLCQ$dOCLCO
=049  \\$aRQIB
=050  00$aSF486$b.W7
=070  0\$a47$bW862O
=072  \0$aN100
=100  1\$aWoods, Prince Tannat,$d1870-
=245  10$aOpen-air poultry houses for all climates;$ba practical book on modern common sense poultry housing for beginners and veterans in poultry keeping. What to build and how to do it. Houses that will promote health, vigor and vitality in laying and breeding stock.$cBy Prince T. Woods.
=260  \\$aChicago, Ill.,$bAmerican Poultry Journal Pub. Co.,$c1912.
=300  \\$a86 pages$billustrations$c21 cm
=336  \\$atext$btxt$2rdacontent
=337  \\$aunmediated$bn$2rdamedia
=338  \\$avolume$bnc$2rdacarrier
=591  \\$bNAL Reclamation
=593  \\$fAgricola CAT
=650  \0$aPoultry$xHousing.$0http://id.loc.gov/authorities/subjects/sh85105901
=655  \3$aInternet resource.
=776  08$iOnline version:$aWoods, Prince Tannat, 1870-$tOpen-air poultry houses for all climates.$dChicago, Ill., American Poultry Journal Pub. Co., 1912$w(OCoLC)748455719
=856  41$uhttps://archive.org/details/openairpoultryho00wood_0
=911  \\$ichl00017995
=912  \\$analcatalog
=930  \\$a20160525$b20160603$c00000000
=938  \\$aKirtas Technologies, Inc.$bKRTS$n284520
=939  \\$a20140702$b20140807$c00000000
=945  \\$aDigiMet
=945  \\$p96
=946  \\$aOther US
=994  \\$a92$bAGL

