=LDR  01738cam a2200469Ii 4500
=001  9915496613407426
=005  20240620172626.0
=008  861029t19101910mouaf\\\\\\\\\000\0\eng\\
=010  \\$a   10022843 
=016  7\$aCAT10723955$2DNAL
=035  \\$a328674
=035  \\$a(OCoLC)05194732
=035  \\$a(DNAL)328674-naldb-Voyager
=040  \\$aDLC$beng$erda$cCLE$dOCLCQ$dAGL$dKRTAS$dOCLCF$dOCLCQ$dOCLCO$dEEM$dOCL
=049  \\$aRQIB
=050  \0$aSF487$b.K54 1910
=070  0\$a47$bK28
=072  \0$aL100
=100  1\$aKellerstrass, Ernest,$eauthor.
=245  14$aThe Kellerstrass way of raising poultry /$cby Ernest Kellerstrass.
=264  \1$aKansas City, Missouri :$bErnest Kellerstrass,$c1910.
=264  \4$c©1910
=300  \\$a234 pages :$billustrations, plates ;$c25 cm
=336  \\$atext$btxt$2rdacontent
=337  \\$aunmediated$bn$2rdamedia
=338  \\$avolume$bnc$2rdacarrier
=591  \\$bNAL Reclamation
=593  \\$fAgricola CAT
=610  20$aKellerstrass Farm (Kansas City, Mo.).
=650  \0$aPoultry.$0http://id.loc.gov/authorities/subjects/sh85105892
=650  \0$aPoultry$xBreeding.$0http://id.loc.gov/authorities/subjects/sh85105894
=650  \0$aPoultry farms$zMissouri$zKansas City.
=651  \7$aMissouri$zKansas City.$2fast$0(OCoLC)fst01204999
=655  \3$aInternet resource.
=776  08$iOnline version:$aKellerstrass, Ernest.$tKellerstrass way of raising poultry.$dKansas City, Mo., E. Kellerstrass, 1910$w(OCoLC)656980723
=856  41$uhttps://archive.org/details/kellerstrasswayo00kell_0
=911  \\$ichl00017775
=912  \\$analcatalog
=930  \\$a20140702$b20140807$c00000000
=938  \\$aKirtas Technologies, Inc.$bKRTS$n676836
=945  \\$aDigiMet
=945  \\$p220
=946  \\$aOther US
=994  \\$a92$bAGL

