=LDR  02502cam a2200589I  4500
=001  9915496966307426
=005  20240624173448.0
=008  910815s1881\\\\dcua\\\\\\\\\\000\0\eng\\
=010  \\$aagr09003123 
=016  7\$aCAT10625171$2DNAL
=019  \\$a1046861091$a1047492724
=035  \\$a519539
=035  \\$a(OCoLC)03831459$z(OCoLC)1046861091$z(OCoLC)1047492724
=035  \\$a(DNAL)519539-naldb-Voyager
=035  \\$z(OCoLC)1046861091$z(OCoLC)1047492724
=040  \\$aDLC$beng$cSMI$dOCLCQ$dAGL$dOCLCG$dSTF$dORE$dOCLCF$dAGL$dOCLCQ$dINARC$dOCLCQ$dUKMGB
=049  \\$aAGLL
=050  \0$aSB823$b.A16 no.7
=070  0\$a423$bP12I no.7
=070  0\$a1$bEn8B no. 7 1881
=072  \0$aF821
=100  1\$aPackard, A. S.$q(Alpheus Spring),$d1839-1905.$0http://id.loc.gov/authorities/names/n79134030
=245  10$aInsects injurious to forest and shade trees.$cBy A.S. Packard, Jr., M.D.
=260  \\$aWashington,$bGovt. Print. Off.,$c1881.
=300  \\$a275 pages$billustrations$c23 cm.
=336  \\$atext$btxt$2rdacontent
=337  \\$aunmediated$bn$2rdamedia
=338  \\$avolume$bnc$2rdacarrier
=490  1\$aU.S. Entomological commission. Bulletin$vno. 7
=590  \\$aSpecial Collections copy bound together with: Insect injurious to the hackberry.
=591  \\$bNAL Reclamation
=593  \\$fAgricola CAT
=650  \0$aInsect pests.$0http://id.loc.gov/authorities/subjects/sh85066645
=650  \0$aForest insects.$0http://id.loc.gov/authorities/subjects/sh85050594
=650  \0$aTrees$xDiseases and pests.$0http://id.loc.gov/authorities/subjects/sh85137242
=655  \3$aInternet resource.
=710  2\$aUnited States Entomological Commission.$0http://id.loc.gov/authorities/names/no91028526
=776  08$iOnline version:$aPackard, A.S. (Alpheus Spring), 1839-1905.$tInsects injurious to forest and shade trees.$dWashington, Govt. Print. Off., 1881$w(OCoLC)902897475
=830  \0$aBulletin (United States Entomological Commission) ;$vno. 7.
=856  41$uhttps://archive.org/details/insectsinjurious07pack
=912  \\$analcatalog
=930  \\$a20160602$b20160701$c00000000
=938  \\$aInternet Archive$bINAR$ninsectsinjurious00pack
=939  \\$a20140702$b20140807$c00000000
=939  \\$a20140411$b20140502$c00000000
=939  \\$a20140318$b20140404$c00000000
=945  \\$aDigiMet
=945  \\$p286
=945  \\$aDigiMet
=946  \\$aUSDA
=958  \\$aresource$be$c2014-03-18$dn$ejondusko$hrecon
=959  \\$c2014-04-11$earojas$gap
=959  \\$c2016-06-02$emlydon$gac
=994  \\$a92$bAGL

