=LDR  02520cam a2200613 a 4500
=001  9915500565507426
=005  20240620192301.0
=008  991123s1998\\\\pauab\\\\b\\\f000\0\eng\\
=010  \\$a   98221405 
=016  7\$aCAT10979526$2DNAL
=035  \\$a839562
=035  \\$a(OCoLC)40943223
=035  \\$a(DNAL)839562-naldb-Voyager
=040  \\$aDLC$beng$cDLC$dAGL$dOCL$dBTCTA$dSPI$dORE$dOCLCA$dOCLCF$dOCLCO$dOCLCQ$dCOD$dOCLCA$dAGM$dOCLCA
=043  \\$an-us-me
=049  \\$aAGLL
=050  00$aSD144.M2$bW48 1998
=070  0\$aA99.9$bF7622Uf no. 142
=072  \0$aK250
=086  0\$aA 13.80:NE-142
=100  1\$aWharton, Eric H.$0http://id.loc.gov/authorities/names/n80111442
=245  10$aEstimating total forest biomass in Maine, 1995 /$cEric H. Wharton, Douglas M. Griffith.
=260  \\$aRadnor, PA :$bU.S. Dept. of Agriculture, Forest Service, Northeastern Research Station,$c[1998]
=300  \\$a50 pages :$billustrations, maps ;$c28 cm.
=336  \\$atext$btxt$2rdacontent
=337  \\$aunmediated$bn$2rdamedia
=338  \\$avolume$bnc$2rdacarrier
=490  1\$aResource bulletin NE ;$v142
=530  \\$aAlso available on the World Wide Web.
=504  \\$aIncludes bibliographical references (pages 32-33).
=530  \\$aLibrary also holds microfiche, Washington, DC : Supt. of Docs., U.S. G.P.O., 2003 . 1 microfiches ; negative (NAL call no.: S-133 (A 13.80:NE-142)
=591  \\$bNAL Reclamation
=593  \\$fAgricola CAT
=650  \0$aForest biomass$zMaine$xMeasurement.
=650  \3$aforest inventory.
=650  \3$abiomass.
=650  \3$aestimation.
=651  \3$aMaine.
=651  \7$aMaine.$2fast$0(OCoLC)fst01204270
=655  \3$aInternet resource.
=700  1\$aGriffith, Douglas M.$0http://id.loc.gov/authorities/names/n93098374
=710  1\$aUnited States.$bDepartment of Agriculture.
=710  2\$aNortheastern Forest Experiment Station (Radnor, Pa.)
=776  08$iOnline version:$aWharton, Eric H.$tEstimating total forest biomass in Maine, 1995.$dRadnor, PA : U.S. Dept. of Agriculture, Forest Service, Northeastern Research Station, [1998]$w(OCoLC)905587934
=830  \0$aResource bulletin NE ;$v142.
=856  41$uhttps://archive.org/details/estimatingtotalf142whar
=912  \\$analcatalog
=930  \\$a20140207$b20140307$c00000000
=938  \\$aBaker and Taylor$bBTCP$n98221405
=939  \\$a20041101$b20041201$c00000000
=939  \\$a19991201$b19991209$c00000000
=945  \\$dVS$e99/11/19$fVS$g99/23$n1
=945  \\$p60
=945  \\$aDigiMet
=946  \\$aUSDA
=994  \\$a92$bAGL

