=LDR  01965cam a2200517 a 4500
=001  9915502737207426
=005  20240624182458.0
=008  800401s1967\\\\orua\\\\\b\\\f000\0\eng\d
=016  7\$aCAT10237605$2DNAL
=019  \\$a1039872584$a1231861727
=035  \\$a187629
=035  \\$a(OCoLC)58993681$z(OCoLC)1039872584$z(OCoLC)1231861727
=035  \\$a(DNAL)187629-naldb-Voyager
=035  \\$z(OCoLC)1039872584$z(OCoLC)1231861727
=040  \\$aORE$beng$cORE$dOCL$dMTG$dOCLCA$dOCLCQ$dOCLCO$dOCLCF$dAGM$dOCLCA$dWURST$dOCLCQ$dAGL
=043  \\$an-us-or
=049  \\$aAGLL
=050  \0$aSD143$b.U51 no.54
=070  \\$aA99.9$bF7625U no. 54
=072  \0$a7000
=086  0\$aA 13.79:PNW-54
=100  1\$aHarvey, George M.
=245  10$aGrowth rate and survival probability of blister rust cankers on sugar pine branches /$cby George M. Harvey.
=260  \\$aPortland, Or. :$bPacific Northwest Forest and Range Experiment Station, U.S. Dept. of Agriculture,$c[1967]
=300  \\$a6 pages :$billustrations ;$c28 cm
=336  \\$atext$btxt$2rdacontent
=337  \\$aunmediated$bn$2rdamedia
=338  \\$avolume$bnc$2rdacarrier
=490  1\$aU.S. Forest Service research note PNW ;$v54
=504  \\$aIncludes bibliographical references (page 6).
=591  \\$bNAL Reclamation
=593  \\$fAgricola CAT
=650  \0$aBlister rust$zOregon.
=650  \0$aSugar pine$xDiseases and pests$zOregon.
=650  \3$aPinus lambertiana.
=650  \3$aCronartium ribicola.
=651  \7$aOregon.$2fast$0(OCoLC)fst01204579
=655  \3$aInternet resource.
=710  2\$aPacific Northwest Forest and Range Experiment Station (Portland, Or.)$0http://id.loc.gov/authorities/names/n80126131
=830  \0$aU.S. Forest Service research note PNW ;$v54.
=856  41$uhttps://archive.org/details/growthratesurviv54harv
=912  \\$analcatalog
=930  \\$a20140506$b00000000$c00000000
=945  \\$aDigiMet
=945  \\$p10
=946  \\$aUSDA
=959  \\$c2014-05-06$earojas$gap
=994  \\$a92$bAGL

