=LDR  01841cam a2200481   4500
=001  9915553202607426
=005  20240624162920.0
=008  800401s1967\\\\dcua\\\\\b\\\\000\0\eng\c
=010  \\$aagr67000399 
=016  7\$aCAT10239341$2DNAL
=035  \\$a192696
=035  \\$a(OCoLC)00035343
=035  \\$a(DNAL)192696-naldb-Voyager
=040  \\$aU.S. Nat'l Agr. Libr.$beng$cDLC$dOCLCQ$dBTCTA$dOCLCG$dOCLCO$dOCLCF$dWCA$dOCLCQ$dOCLCO$dAGL
=049  \\$aAGLL
=050  \0$aSB369.2.F6$bJ346 1967
=070  \\$aA280.39$bR31A no. 14
=072  \0$a1500
=100  1\$aJahn, Otto L.
=245  10$aDegreening response of color-sorted Florida oranges$c[a preliminary report by Otto L. Jahn, Gilbert E. Yost, and James Soule.
=260  \\$aWashington]$bAgricultural Research Service, U.S. Dept. of Agriculture,$c1967.
=300  \\$a14 pages$billustrations$c26 cm.
=336  \\$atext$btxt$2rdacontent
=337  \\$aunmediated$bn$2rdamedia
=338  \\$avolume$bnc$2rdacarrier
=490  1\$a[United States. Agricultural Research Service] ARS$v51-14
=504  \\$aIncludes bibliographical references (page 14).
=591  \\$bNAL Reclamation
=593  \\$fAgricola CAT
=650  \0$aOranges$xColoring.$0http://id.loc.gov/authorities/subjects/sh97005854
=650  \3$aOrange$xColoring.
=650  \3$aOrange$xStorage.
=655  \3$aInternet resource.
=700  1\$aYost, G. E.$q(Gilbert E.),$d1924-$eauthor.$0http://id.loc.gov/authorities/names/no99052236
=700  1\$aSoule, James M.,$eauthor.
=810  1\$aUnited States.$bAgricultural Research Service.$tARS ;$v51-14.
=856  41$uhttps://archive.org/details/degreeningrespon14jahn
=912  \\$analcatalog
=930  \\$a20140306$b20140404$c00000000
=938  \\$aBaker and Taylor$bBTCP$nagr67000399
=945  \\$aDigiMet
=945  \\$p20
=946  \\$aUSDA
=959  \\$c2014-03-06$earojas$gap
=994  \\$a92$bAGL

