=LDR  01999cam a2200469Ia 4500
=001  9915553205307426
=005  20240624162913.0
=008  800401s1965\\\\orua\\\\\b\\\f000\0\eng\d
=016  7\$aCAT10226758$2DNAL
=035  \\$a192208
=035  \\$a(OCoLC)58046052
=035  \\$a(DNAL)192208-naldb-Voyager
=040  \\$aAZN$beng$cAZN$dOCLCQ$dMIN$dOCLCO$dOCLCQ$dOCLCF$dWURST$dAGL
=043  \\$an-us-or
=049  \\$aAGLL
=070  \\$aA99.9$bF7625U no. 31
=072  \0$a4500
=086  0\$aA 13.79:PNW-31
=100  1\$aDyrness, C. T.$0http://id.loc.gov/authorities/names/n83003215
=245  14$aThe effect of logging and slash burning on understory vegetation in the H.J. Andrews Experimental Forest /$cby C.T. Dyrness.
=260  \\$aPortland, Or. :$bPacific Northwest Forest and Range Experiment Station, U.S. Dept. of Agriculture,$c[1965]
=300  \\$a13 pages :$billustrations ;$c28 cm.
=336  \\$atext$btxt$2rdacontent
=337  \\$aunmediated$bn$2rdamedia
=338  \\$avolume$bnc$2rdacarrier
=490  1\$aU.S. Forest Service research note PNW ;$v31
=504  \\$aIncludes bibliographical references.
=591  \\$bNAL Reclamation
=593  \\$fAgricola CAT
=650  \0$aUnderstory plants$xEffect of logging on$zOregon$zH.J. Andrews Experimental Forest.
=650  \0$aSlashburning$xEnvironmental aspects$zOregon$zH.J. Andrews Experimental Forest.
=651  \0$aH.J. Andrews Experimental Forest (Or.)$0http://id.loc.gov/authorities/subjects/sh98006468
=651  \7$aOregon$zH.J. Andrews Experimental Forest.$2fast$0(OCoLC)fst01286172
=655  \3$aInternet resource.
=710  2\$aPacific Northwest Forest and Range Experiment Station (Portland, Or.)$0http://id.loc.gov/authorities/names/n80126131
=830  \0$aU.S. Forest Service research note PNW ;$v31.
=856  41$uhttps://archive.org/details/effectofloggings31dyrn
=912  \\$analcatalog
=930  \\$a20140506$b00000000$c00000000
=945  \\$aDigiMet
=945  \\$p18
=946  \\$aUSDA
=959  \\$c2014-05-06$earojas$gap
=994  \\$a92$bAGL

