=LDR  01942cam a2200481I  4500
=001  9915553221107426
=005  20240624162916.0
=008  800401s1961\\\\dcua\\\\\\\\\f000\0\eng\d
=016  7\$aCAT10251849$2DNAL
=035  \\$a192973
=035  \\$a(OCoLC)10743408
=035  \\$a(DNAL)192973-naldb-Voyager
=040  \\$aLSL$beng$cLSL$dOCL$dOCLCQ$dOCLCO$dOCLCA$dOCLCF$dOCLCO$dOCLCA$dKUK$dAGL
=043  \\$an-usm--
=049  \\$aAGLL
=070  \\$a1.96$bAd6Tp no. 140
=072  \0$a8500
=086  0\$aA 57.15:140
=110  1\$aUnited States.$bDepartment of Agriculture.
=245  10$aAgricultural potential of selected areas within the lower Mississippi alluvial valley.$cU.S. Dept. of Agriculture, Soil Conservation Service, Agricultural Research Service, Forest Service.
=246  3\$aLower Mississippi alluvial valley
=260  \\$a[Washington, D.C.],$b[U.S. Govt. Print. Off.]$c1961.
=300  \\$a155 pages :$billustrations
=336  \\$atext$btxt$2rdacontent
=337  \\$aunmediated$bn$2rdamedia
=338  \\$avolume$bnc$2rdacarrier
=591  \\$bNAL Reclamation
=593  \\$fAgricola CAT
=650  \0$aAgriculture$zMississippi River Valley.
=650  \0$aConservation of natural resources.$0http://id.loc.gov/authorities/subjects/sh85031255
=650  \0$aFloods$zMississippi River.
=651  \7$aMississippi River.$2fast$0(OCoLC)fst01240238
=651  \7$aMississippi River Valley.$2fast$0(OCoLC)fst01240240
=655  \3$aInternet resource.
=710  1\$aUnited States.$bSoil Conservation Service.$0http://id.loc.gov/authorities/names/n78085479
=710  1\$aUnited States.$bAgricultural Research Service.
=710  1\$aUnited States.$bForest Service.$0http://id.loc.gov/authorities/names/n79054932
=856  41$uhttps://archive.org/details/agriculturalpote140eich
=912  \\$analcatalog
=930  \\$a20140703$b00000000$c00000000
=945  \\$aDigiMet
=945  \\$p166
=946  \\$aUSDA
=959  \\$c2014-07-03$earojas$gap
=994  \\$a92$bAGL

