=LDR  02036cam a2200529Ia 4500
=001  9915553239207426
=005  20240624162931.0
=008  800401s1965\\\\aku\\\\\\b\\\f000\0\eng\d
=016  7\$aCAT10226777$2DNAL
=035  \\$a192265
=035  \\$a(OCoLC)41813625
=035  \\$a(DNAL)192265-naldb-Voyager
=040  \\$aAkJFS$beng$cW7L$dRLA$dOCLCQ$dMTG$dOCLCF$dOCLCQ$dOCLCO$dSEA$dCOD$dAGM$dOCLCA$dWURST$dRLA$dAGL
=043  \\$an-us-ak
=049  \\$aAGLL
=050  \0$aSD11$b.A456135 no.12
=070  \\$aA99.9$bF7672U no. 12
=072  \0$a4500
=086  0\$aA 13.79:NOR-12
=100  1\$aEmbry, Robert S.$0http://id.loc.gov/authorities/names/n79023598
=245  10$aVolume tables and equations for young-growth western hemlock and sitka spruce in southeast Alaska /$cby Robert S. Embry and Paul M. Haack.
=260  \\$aJuneau, Alaska :$bU.S. Forest Service, Northern Forest Experiment Station,$c1965.
=300  \\$a21 pages ;$c27 cm.
=336  \\$atext$btxt$2rdacontent
=337  \\$aunmediated$bn$2rdamedia
=338  \\$avolume$bnc$2rdacarrier
=490  1\$aU.S. Forest Service research note NOR ;$v12
=504  \\$aIncludes bibliographical references.
=591  \\$bNAL Reclamation
=593  \\$fAgricola CAT
=650  \0$aForests and forestry$zAlaska$xMeasurement.
=650  \0$aWestern hemlock$zAlaska.
=650  \0$aSitka spruce$zAlaska.
=650  \3$aTsuga heterophylla.
=650  \3$aPicea sitchensis.
=651  \3$aAlaska.
=651  \7$aAlaska.$2fast$0(OCoLC)fst01204480
=655  \3$aInternet resource.
=700  1\$aHaack, Paul M.,$cJr.,$d1926-2019,$eauthor.$0http://id.loc.gov/authorities/names/no2019176535
=710  2\$aNorthern Forest Experiment Station (Juneau, Alaska)$0http://id.loc.gov/authorities/names/no2009160659
=830  \0$aU.S. Forest service research note NOR ;$v12.
=856  41$uhttps://archive.org/details/volumetablesequa12embr
=912  \\$analcatalog
=930  \\$a20140703$b00000000$c00000000
=945  \\$aDigiMet
=945  \\$p26
=946  \\$aUSDA
=959  \\$c2014-07-03$earojas$gap
=994  \\$a92$bAGL

