=LDR  01941cam a2200445Ia 4500
=001  9915553240307426
=005  20240624162915.0
=008  800401s1947\\\\dcua\\\\\\\\\f000\0\eng\d
=016  7\$aCAT10251802$2DNAL
=035  \\$a192833
=035  \\$a(OCoLC)07454717
=035  \\$a(DNAL)192833-naldb-Voyager
=040  \\$aCOF$beng$cCOF$dOCL$dMUU$dOCLCQ$dOCLCF$dOCLCQ$dOCLCO$dAGL
=049  \\$aAGLL
=070  \\$a1.96$bAd6Tp no. 63
=072  \0$a8500
=086  0\$aA 57.15:63
=100  1\$aDonnelly, Charles A.
=245  10$aDesign of an outlet for box inlet drop spillway /$cby Charles A. Donnelly ; prepared for use by technicians of the Soil Conservation Service.
=260  \\$aWashington, D.C. :$bU.S. Dept. of Agriculture, Soil Conservation Service, Research,$c1947.
=300  \\$a31 pages :$billustrations ;$c27 cm.
=336  \\$atext$btxt$2rdacontent
=337  \\$aunmediated$bn$2rdamedia
=338  \\$avolume$bnc$2rdacarrier
=490  1\$aSCS-TP ;$v63
=591  \\$bNAL Reclamation
=593  \\$fAgricola CAT
=650  \0$aSpillways$xDesign and construction.$0http://id.loc.gov/authorities/subjects/sh85126647
=655  \3$aInternet resource.
=710  1\$aUnited States.$bSoil Conservation Service.$0http://id.loc.gov/authorities/names/n78085479
=710  2\$aUniversity of Minnesota.$bAgricultural Experiment Station.$0http://id.loc.gov/authorities/names/n80030578
=710  2\$aSt. Anthony Falls Hydraulic Laboratory.$0http://id.loc.gov/authorities/names/n81076880
=776  08$iOnline version:$aDonnelly, Charles A.$tDesign of an outlet for box inlet drop spillway.$dWashington, D.C. : U.S. Dept. of Agriculture, Soil Conservation Service, Research, 1947$w(OCoLC)1033695581
=830  \0$aSCS-TP ;$v63.
=856  41$uhttps://archive.org/details/designofoutletfo63donn
=912  \\$analcatalog
=930  \\$a20140703$b20140807$c00000000
=945  \\$aDigiMet
=945  \\$p38
=946  \\$aUSDA
=959  \\$c2014-07-03$earojas$gap
=994  \\$a92$bAGL

