=LDR  00983cam a2200349M  4500
=001  9915553244907426
=005  20240624162930.0
=008  800401s1969\\\\dcu\\\\\\\\\\\000\0\eng\d
=016  7\$aCAT10251690$2DNAL
=035  \\$a192501
=035  \\$a(OCoLC)1289015585
=035  \\$a(DNAL)192501-naldb-Voyager
=040  \\$aAGL$beng$cAGL
=049  \\$aAGLL
=070  \\$aA381$bR31A no. 60
=072  \0$a3000
=100  1\$aConnelly, J. A.
=245  10$aTwo automatic sirup drawoff controllers.
=260  \\$a[Washington]$c1969.
=300  \\$a12 p.$billus.
=490  1\$aU.S. Agricultural Research Service. ARS-73-60
=591  \\$bNAL Reclamation
=593  \\$fAgricola CAT
=650  \0$aElectric controllers.
=655  \3$aInternet resource.
=830  \0$aARS 73 ;$v60.
=856  41$uhttps://archive.org/details/twoautomaticsiru7360conn
=912  \\$analcatalog
=930  \\$a20140414$b20140502$c00000000
=945  \\$aDigiMet
=945  \\$p18
=946  \\$aUSDA
=959  \\$c2014-04-14$earojas$gap
=994  \\$a92$bAGL

