=LDR  01793cam a2200505Ma 4500
=001  9915553309207426
=005  20240624162946.0
=008  800401s1965\\\\ohua\\\\\\\\\f000\0\eng\d
=016  7\$aCAT10226973$2DNAL
=035  \\$a192838
=035  \\$a(OCoLC)62694610
=035  \\$a(DNAL)192838-naldb-Voyager
=040  \\$aMNU$beng$cMNU$dMTG$dOCLCO$dOCLCQ$dCOD$dOCLCF$dAGM$dOCLCA$dAGL
=049  \\$aAGLL
=050  \0$aSD11$b.F7629 no.45
=070  \\$aA99.9$bF7629 no. 45
=072  \0$a4500
=086  0\$aA 13.79:CS-45
=100  1\$aHerrick, Owen W.$0http://id.loc.gov/authorities/names/n81008416
=245  10$aGeographic destination and market outlets for lumber produced by Kentucky sawmills /$c[Owen W. Herrick, W.W. Christensen].
=260  \\$aColumbus, Ohio. :$bCentral States Forest Experiment Station,$c1965.
=300  \\$a8 pages :$billustrations ;$c23 cm.
=336  \\$atext$btxt$2rdacontent
=337  \\$aunmediated$bn$2rdamedia
=338  \\$avolume$bnc$2rdacarrier
=490  1\$aResearch note CS ;$v45
=591  \\$bNAL Reclamation
=593  \\$fAgricola CAT
=650  \0$aSawmills$zKentucky.
=650  \0$aLumber trade$zKentucky.
=650  \3$alumber.
=650  \3$amarkets.
=650  \3$ageographical distribution.
=651  \3$aKentucky.
=651  \7$aKentucky.$2fast$0(OCoLC)fst01204494
=655  \3$aInternet resource.
=710  2\$aCentral States Forest Experiment Station (Columbus, Ohio)$0http://id.loc.gov/authorities/names/n50082298
=830  \0$aU.S. Forest Service research note CS ;$v45.
=856  41$uhttps://archive.org/details/geographicdestin45herr
=912  \\$analcatalog
=930  \\$a20140305$b20140404$c00000000
=939  \\$a20130104$b20130201$c00000000
=945  \\$aDigiMet
=945  \\$p14
=946  \\$aUSDA
=959  \\$c2013-01-04$ejgilbert$glf
=994  \\$a92$bAGL

