=LDR  01108cam a2200349M  4500
=001  9915553317707426
=005  20240624163003.0
=008  800401s1966\\\\dcu\\\\\\\\\\\000\0\eng\d
=016  7\$aCAT10226838$2DNAL
=035  \\$a192438
=035  \\$a(OCoLC)1288981825
=035  \\$a(DNAL)192438-naldb-Voyager
=040  \\$aAGL$beng$cAGL
=049  \\$aAGLL
=070  \\$aA280.39$bAg8M no. 36 1966
=072  \0$a1500
=100  1\$aFreeman, Robert E.
=245  10$aAgricultural marketing, vital link between farmer and consumer.
=250  \\$a[Rev. March 1966.
=260  \\$aWashington,$bU.S. Govt. Print. Off.,$c1966]
=300  \\$a26 p.$billus.
=490  1\$aU.S. Dept. of Agriculture. Marketing bulletin no. 36
=591  \\$bNAL Reclamation
=593  \\$fAgricola CAT
=655  \3$aInternet resource.
=810  1\$aUnited States.$bDepartment of Agriculture.$tMarketing bulletin.$vno. 36.
=856  41$uhttps://archive.org/details/agriculturalmark36free_0
=912  \\$analcatalog
=930  \\$a20140411$b00000000$c00000000
=945  \\$aDigiMet
=945  \\$p32
=946  \\$aOther US
=959  \\$c2013-04-02$essouder$gap
=994  \\$a92$bAGL

