=LDR  01915cam a2200481 i 4500
=001  9915553408407426
=005  20240624163004.0
=008  800401s1966\\\\dcua\\\\\b\\\f000\0\eng\d
=016  7\$aCAT10226727$2DNAL
=035  \\$a192117
=035  \\$a(OCoLC)28747245
=035  \\$a(DNAL)192117-naldb-Voyager
=040  \\$aFWD$beng$cFWD$dWCA$dN8E$dOCLCQ$dOCLCF$dCOF$dCSF$dOCLCA$dUWW$dOCLCQ$dAGL$dOCLCQ
=049  \\$aAGLL
=050  \0$aQC
=070  0\$aA56.9$bR31 no. 116
=072  \0$a8500
=086  0\$aA 77:15: 41-116
=086  0\$aA 77.15:ARS-41-116
=100  1\$aDeCoursey, Donn G.$0http://id.loc.gov/authorities/names/n88121516
=245  12$aA runoff hydrograph equation /$c[Donn G. DeCoursey].
=260  \\$aWashington, D.C. :$bAgricultural Research Service, U.S. Dept. of Agriculture,$c1966.
=300  \\$a23 pages :$billustrations ;$c26 cm
=336  \\$atext$btxt$2rdacontent
=337  \\$aunmediated$bn$2rdamedia
=338  \\$avolume$bnc$2rdacarrier
=490  1\$aARS / U.S. Dept. of Agriculture. Agricultural Research Service ;$v41-116
=504  \\$aIncludes bibliographical references.
=591  \\$bNAL Reclamation
=593  \\$fAgricola CAT
=650  \0$aRunoff.$0http://id.loc.gov/authorities/subjects/sh85115871
=655  \3$aInternet resource.
=710  1\$aUnited States.$bAgricultural Research Service.
=776  08$iOnline version:$aDeCoursey, Donn G.$tRunoff hydrograph equation.$dWashington, D.C. : Agricultural Research Service, U.S. Dept. of Agriculture, 1966$w(OCoLC)1033695538
=830  \0$aARS (Series) (United States. Agricultural Research Service) ;$v41-116.
=856  41$uhttps://archive.org/details/runoffhydrograph11deco/mode/2up
=912  \\$analcatalog
=930  \\$a20201014$b00000000$c00000000
=939  \\$a20131022$b20131101$c00000000
=945  \\$aDigiMet
=945  \\$p28
=946  \\$aUSDA
=959  \\$c2013-10-22$essouder$gurl
=959  \\$c2020-10-14$ecbarone$gother
=994  \\$a92$bAGL

