=LDR  01606cam a2200421Ii 4500
=001  9915553532007426
=005  20240620113142.0
=008  920621s1896\\\\maua\\\\\\\\\\000\0\eng\d
=016  7\$aCAT10517417$2DNAL
=035  \\$a406992
=035  \\$a(OCoLC)18478808
=035  \\$a(DNAL)406992-naldb-Voyager
=040  \\$aRQI$beng$erda$cRQI$dOCLCQ$dAGL$dOCLCQ$dEEM$dOCLCF
=049  \\$aRQIA
=050  \0$aSF487$b.B694 1896
=070  0\$a47$bB69 Ed.2
=072  \0$aL100
=100  1\$aBoyer, Michael K.,$d1858-1935,$eauthor.
=245  10$aProfitable poultry farming / by Michael K. Boyer.
=246  14$aProfitable poultry farming :$ba treatise on the combination of eggs, broilers, fruits, etc. with special chapters on testing eggs, and duck culture.
=250  \\$aSecond edition; Farm-Poultry edition.
=264  \1$aNatick, Mass. :$bMichael K. Boyer,$c1896.
=300  \\$a47 pages, 16 unnumbered pages :$billustrations ;$c20 cm
=336  \\$atext$btxt$2rdacontent
=337  \\$aunmediated$bn$2rdamedia
=338  \\$avolume$bnc$2rdacarrier
=591  \\$bNAL Reclamation
=593  \\$fAgricola CAT
=650  \0$aPoultry$xBreeding.$0http://id.loc.gov/authorities/subjects/sh85105894
=650  \0$aEggs$xProduction.$0http://id.loc.gov/authorities/subjects/sh85041242
=650  \0$aPoultry$xHatcheries.$0http://id.loc.gov/authorities/subjects/sh85105900
=650  \0$aDucks$xBreeding.
=655  \3$aInternet resource.
=856  41$uhttps://archive.org/details/profitablepoultr00boye_1
=912  \\$analcatalog
=930  \\$a20140505$b00000000$c00000000
=945  \\$aDigiMet
=945  \\$p76
=946  \\$aOther US
=994  \\$a92$bAGL

