=LDR  01777cam a22004931a 4500
=001  9915553651707426
=005  20240624163002.0
=008  920621s1912\\\\iluae\\\\\\\\\000\0\eng\\
=010  \\$a   13000508 
=016  7\$aCAT10517391$2DNAL
=035  \\$a406632
=035  \\$a(OCoLC)18455832
=035  \\$a(DNAL)406632-naldb-Voyager
=040  \\$aDLC$beng$cDLC$dAGL$dRQI$dAGL$dOCLCQ$dOCLCF$dOCLCA$dDLC$dOCLCQ
=042  \\$apremarc
=049  \\$aAGLL
=050  00$aSF487$b.D57
=070  0\$aSF487$b.D54 1912
=100  1\$aDietz, E. J. W.
=245  10$aEssentials of successful poultry keeping /$cby E.J.W. Dietz.
=260  \\$aChicago, Ill. :$bAmerican Pub. Co.,$c1912.
=300  \\$a63 pages :$billustrations ;$c23 cm
=336  \\$atext$btxt$2rdacontent
=337  \\$aunmediated$bn$2rdamedia
=338  \\$avolume$bnc$2rdacarrier
=530  \\$aAlso available in digital form on the Internet Archive Web site.
=590  \\$aNAL Special Collections copy is part of the James M. Gwin Poultry Book Collection.
=591  \\$bNAL Reclamation
=593  \\$fAgricola CAT
=650  \0$aPoultry$xManagement.
=650  \0$aPoultry$xHousing.$0http://id.loc.gov/authorities/subjects/sh85105901
=650  \0$aPoultry$xVariation.
=650  \0$aPoultry$xDiseases.$0http://id.loc.gov/authorities/subjects/sh85105896
=650  \0$aPoultry industry$xEconomic aspects.
=655  \3$aInternet resource.
=856  41$uhttp://hdl.loc.gov/loc.gdc/scd0001.0002866820A
=856  41$uhttps://archive.org/details/essentialsofsucc00diet_0
=912  \\$analcatalog
=930  \\$a20160607$b20160701$c00000000
=939  \\$a20140702$b20140807$c00000000
=939  \\$a20110215$b20110305$c00000000
=945  \\$aDigiMet
=945  \\$p68
=946  \\$aOther US
=959  \\$c2011-02-15$emlydon$gupgrade
=994  \\$a92$bAGL

