=LDR  01260cam a2200373   4500
=001  9915553676907426
=005  20240620121118.0
=008  920620s1893\\\\njua\\\\\\\\\\000\0\eng\d
=016  7\$aCAT10509552$2DNAL
=035  \\$a406909
=035  \\$a(OCoLC)15595315
=035  \\$a(DNAL)406909-naldb-Voyager
=040  \\$aTRN$beng$cTRN$dAGL$dOCLCQ$dOCLCF$dOCLCQ$dOCLCO$dOCLCQ
=049  \\$aRQIA
=050  \0$aSF487$b.B82
=070  0\$a47$bB69
=072  \0$aL100
=100  1\$aBoyer, Michael K.,$d1858-1935.
=245  10$aProfitable poultry farming.
=260  \\$aHammonton, New Jersey,$bThe author,$c1893.
=300  \\$a78 pages$billustrations$c16 cm
=336  \\$atext$btxt$2rdacontent
=337  \\$aunmediated$bn$2rdamedia
=338  \\$avolume$bnc$2rdacarrier
=591  \\$bNAL Reclamation
=593  \\$fAgricola CAT
=650  \0$aPoultry.$0http://id.loc.gov/authorities/subjects/sh85105892
=655  \3$aInternet resource.
=776  08$iOnline version:$aBoyer, Michael K., 1858-1935.$tProfitable poultry farming.$dHammonton, New Jersey, The author, 1893$w(OCoLC)870814543
=856  41$uhttps://archive.org/details/profitablepoultr00boye_0
=912  \\$analcatalog
=930  \\$a20140505$b20140606$c00000000
=945  \\$aDigiMet
=945  \\$p88
=946  \\$aOther US
=994  \\$a92$bAGL

