=LDR  01203cam a2200373I  4500
=001  9915553711107426
=005  20240624163002.0
=008  920621s1912\\\\miuac\\\\\\\\\000\0\eng\d
=010  \\$aagr13000479 
=016  7\$aCAT10561972$2DNAL
=035  \\$a406320
=035  \\$a(OCoLC)18452862
=035  \\$a(DNAL)406320-naldb-Voyager
=040  \\$aRQI$beng$cRQI$dOCLCQ$dAGL$dOCLCQ$dOCLCF$dOCLCQ$dOCLCO
=049  \\$aRQIA
=070  0\$a47$bB45
=072  \0$aL100
=100  1\$aBerry, A. A.,$cMrs.
=245  10$aProfitable poultry:$bBerry's golden rule poultry farm,$cClarinda, Iowa.
=260  \\$a[St. Joseph, Mich.],$b[A.B. Morse Co.],$c[1912]
=300  \\$a128 pages$billustrations (including portrait)$c23 cm
=336  \\$atext$btxt$2rdacontent
=337  \\$aunmediated$bn$2rdamedia
=338  \\$avolume$bnc$2rdacarrier
=591  \\$bNAL Reclamation
=593  \\$fAgricola CAT
=650  \0$aPoultry.$0http://id.loc.gov/authorities/subjects/sh85105892
=655  \3$aInternet resource.
=856  41$uhttps://archive.org/details/profitablepoultr00berr
=912  \\$analcatalog
=930  \\$a20140703$b20140807$c00000000
=945  \\$aDigiMet
=945  \\$p142
=946  \\$aUSDA
=959  \\$c2014-07-03$earojas$gap
=994  \\$a92$bAGL

