=LDR  01478cam a2200409Ii 4500
=001  9915553743907426
=005  20240620121121.0
=008  920621s1896\\\\mau\\\\\\\\\\\000\0\eng\d
=016  7\$aCAT10517420$2DNAL
=035  \\$a406995
=035  \\$a(OCoLC)18478874
=035  \\$a(DNAL)406995-naldb-Voyager
=040  \\$aRQI$beng$erda$cRQI$dOCLCQ$dAGL$dOCLCF$dOCLCQ$dOCLCO$dEEM$dOCL
=049  \\$aRQIA
=050  \0$aSF502$b.B69 1896
=070  0\$a47$bB69L
=072  \0$aL100
=072  \0$aE130
=100  1\$aBoyer, Michael K.,$d1858-1935,$eauthor.
=245  12$aA living from poultry :$ba treatise written from actual experience, showing how to make a start in poultry farming with limited capital. A host of facts that are of untold value to those about beginning /$cby Michael K. Boyer.
=264  \1$aBoston, Mass. :$bI. S. Johnson,$c1896.
=300  \\$a40 pages ;$c15 cm.
=336  \\$atext$btxt$2rdacontent
=337  \\$aunmediated$bn$2rdamedia
=338  \\$avolume$bnc$2rdacarrier
=490  1\$aFarm-poultry series;$vno. 3
=591  \\$bNAL Reclamation
=593  \\$fAgricola CAT
=650  \0$aPoultry$xEconomic aspects.
=650  \0$aPoultry$xMarketing.$0http://id.loc.gov/authorities/subjects/sh85105906
=655  \3$aInternet resource.
=830  \0$aFarm-poultry series ;$vno. 3.
=856  41$uhttps://archive.org/details/livingfrompoultr03boye
=912  \\$analcatalog
=930  \\$a20140505$b20140606$c00000000
=945  \\$aDigiMet
=945  \\$p44
=946  \\$aOther US
=994  \\$a92$bAGL

