=LDR  03041cam a2200649Ii 4500
=001  9915553893007426
=005  20240624163028.0
=008  920619s1924\\\\dcua\\\\\\\\\f100\0\eng\c
=010  \\$aagr24000747 
=016  7\$aCAT10502038$2DNAL
=019  \\$a70338894$a1157386323$a1238185200$a1265076568
=035  \\$a406567
=035  \\$a(OCoLC)00961149$z(OCoLC)70338894$z(OCoLC)1157386323$z(OCoLC)1238185200$z(OCoLC)1265076568
=035  \\$a(DNAL)406567-naldb-Voyager
=035  \\$z(OCoLC)70338894$z(OCoLC)1157386323$z(OCoLC)1238185200$z(OCoLC)1265076568
=040  \\$aNYG$beng$cNYG$dOCL$dGZM$dOCL$dOCLCQ$dAGL$dLVB$dPAU$dOCLCQ$dUAB$dNTD$dOCLCF$dFUG$dOCLCO$dOCL$dEUW$dOCLCQ$dOCLCA$dTKN$dINT$dOCLCQ$dOCLCO$dWURST$dOCLCA$dOCLCO
=041  0\$aeng$afre$ager
=049  \\$aRQIA
=050  00$aSF223$b.W6 1923
=070  0\$a1$bAn5W
=072  \0$aL000
=072  \0$aQ001
=086  0\$aA 4.2:D 14/16/v.1-2
=086  0\$aA 4.2:
=111  2\$aWorld's Dairy Congress$d(1923 :$cWashington, D.C.;$cPhiladelphia, Pa.;$cSyracuse, N.Y.)
=245  10$aProceedings of the World's Dairy Congress :$bWashington, D.C., October 2, 3 ; Philadelphia, Pa., October 4 ; Syracuse, N.Y., October 5, 6, 8, 9, 10, 1923 /$cU.S. Department of Agriculture.
=264  \2$aWashington, DC :$bUnited States Government Printing Office,$c1924.
=300  \\$a2 volumes :$billustrations ;$c24 cm
=336  \\$atext$btxt$2rdacontent
=337  \\$aunmediated$bn$2rdamedia
=338  \\$avolume$bnc$2rdacarrier
=530  \\$aAlso issued online.
=504  \\$aIncludes bibliographic references and index.
=591  \\$bNAL Reclamation
=593  \\$fAgricola CAT
=650  \0$aDairying$vCongresses.
=650  \2$aDairying
=655  \3$aInternet resource.
=655  \4$aConference proceedings.
=655  \7$aConference papers and proceedings.$2fast$0(OCoLC)fst01423772
=700  1\$aLenoir, Kate D.$q(Kate Drafts),$d1888-1971.$0http://id.loc.gov/authorities/names/no2001004716
=700  1\$aRogers, L. A.$q(Lore Alford),$d1875-1975.$0http://id.loc.gov/authorities/names/no2001004619
=700  1\$aWard, Margaret.
=700  1\$aLarson, Carl W.$q(Carl William),$d1881-1954.$0http://id.loc.gov/authorities/names/no2001004625
=710  1\$aUnited States.$bBureau of Animal Industry.$bDairy Division.$0http://id.loc.gov/authorities/names/nb2006000524
=710  1\$aUnited States.$bDepartment of Agriculture.
=776  08$iOnline version:$aWorld's Dairy Congress (1923 : Washington, D.C., Philadelphia and Syracuse).$tProceedings of the World's Dairy Congress.$dWashington, D.C., U.S. Govt. Print. Off., 1924$w(OCoLC)555431894
=856  41$3v. 1$uhttps://archive.org/details/proceedingsofwor01worl
=856  41$3v. 2$uhttps://archive.org/details/proceedingsofwor02worl
=912  \\$analcatalog
=930  \\$a20160303$b20160401$c00000000
=939  \\$a20140812$b20140905$c00000000
=939  \\$a20130109$b20130201$c00000000
=945  \\$aDigiMet
=945  \\$vpt. 1
=945  \\$p766
=945  \\$aDigiMet
=945  \\$vpt. 2
=945  \\$p882
=946  \\$aOther US
=959  \\$c2013-01-08$earojas$gap
=959  \\$c2016-03-03$edfriedma$gurlc
=994  \\$a92$bAGL

