=LDR  01080cam a2200361I  4500
=001  9915553897407426
=005  20240620120928.0
=008  920621s1914\\\\paua\\\\\\\\\\000\0\eng\d
=016  7\$aCAT10517418$2DNAL
=035  \\$a406993
=035  \\$a(OCoLC)18478825
=035  \\$a(DNAL)406993-naldb-Voyager
=040  \\$aRQI$beng$cRQI$dOCLCQ$dAGL$dOCLCF$dOCLCQ$dOCLCO
=049  \\$aRQIA
=070  0\$a47$bB69P
=072  \0$aL100
=100  1\$aBoyer, Michael K.,$d1858-1935.
=245  10$aPoultry secrets.
=250  \\$a[16th ed.].
=260  \\$aPhiladelphia,$bW. Atkinson,$c1914.
=300  \\$a64 pages$billustrations$c23 cm
=336  \\$atext$btxt$2rdacontent
=337  \\$aunmediated$bn$2rdamedia
=338  \\$avolume$bnc$2rdacarrier
=591  \\$bNAL Reclamation
=593  \\$fAgricola CAT
=650  \0$aPoultry.$0http://id.loc.gov/authorities/subjects/sh85105892
=655  \3$aInternet resource.
=856  41$uhttps://archive.org/details/poultrysecrets00boye
=912  \\$analcatalog
=930  \\$a20140505$b20140606$c00000000
=945  \\$aDigiMet
=945  \\$p72
=946  \\$aOther US
=994  \\$a92$bAGL

