=LDR  02237cam a2200553Ia 4500
=001  9915554095407426
=005  20240624163051.0
=008  980704s1990\\\\dcuab\\\\\\\\f000\0\eng\d
=016  7\$aCAT10850818$2DNAL
=035  \\$a816427
=035  \\$a(OCoLC)21986507
=035  \\$a(DNAL)816427-naldb-Voyager
=040  \\$aDTA$beng$cDTA$dUIU$dAGX$dGPO$dAGL$dOCLCQ$dMTG$dBDP$dOCLCQ$dIAD$dOCLCF$dOCLCA$dSFR
=043  \\$an-us---
=049  \\$aAGLL
=050  10$aS21$b.A46 no.1479
=070  0\$a1$bAg84M no.1479
=072  \0$aE100
=072  \0$aD500
=074  \\$a0013-A (MF)
=086  0\$aA 1.38:1479
=245  04$aThe Basic mechanisms of U.S. farm policy :$bhow they work, with examples and illustrations.
=246  3\$aBasic mechanisms of United States farm policy
=260  \\$aWashington, DC :$bU.S. Dept. of Agriculture, Economic Research Service,$c[1990]
=300  \\$a83 pages :$billustrations, map ;$c28 cm.
=336  \\$atext$btxt$2rdacontent
=337  \\$aunmediated$bn$2rdamedia
=338  \\$avolume$bnc$2rdacarrier
=490  1\$aUSDA-ERS briefing booklet
=490  1\$aMiscellaneous publication ;$vno. 1479
=505  0\$apt. 1. Target, loan and deficiency -- pt. 2. Deficiency payments, certificates and PIK & roll -- pt. 3. Export enhancement, FOR, marketing loans, disaster payments and CRP.
=591  \\$bNAL Reclamation
=593  \\$fAgricola CAT
=650  \0$aAgriculture and state$zUnited States.$0http://id.loc.gov/authorities/subjects/sh85002491
=651  \0$aUnited States$xEconomic policy.$0http://id.loc.gov/authorities/subjects/sh85140033
=651  \7$aUnited States.$2fast$0(OCoLC)fst01204155
=655  \3$aInternet resource.
=710  1\$aUnited States.$bDepartment of Agriculture.$bEconomic Research Service.
=830  \0$aUSDA-ERS briefing booklet
=830  \0$aMiscellaneous publication (United States. Department of Agriculture) ;$vno. 1479.
=852  \\$aArU$iS21.A46 no.1479
=856  41$uhttps://archive.org/details/basicmechanismso1479unit
=912  \\$analcatalog
=930  \\$a20140305$b20140404$c00000000
=939  \\$a19980801$b19980807$c00000000
=945  \\$dML$e98/06/26$fJR$g98/07/01
=945  \\$p92
=945  \\$aDigiMet
=946  \\$aUSDA
=959  \\$c2013-04-02$essouder$gap
=994  \\$a92$bAGL

