=LDR  01983cam a2200469Ia 4500
=001  9915554104707426
=005  20240620121012.0
=008  980714s1947\\\\dcuab\\\\\\\\f000\0\eng\d
=016  7\$aCAT10851242$2DNAL
=035  \\$a816877
=035  \\$a(OCoLC)26698721
=035  \\$a(DNAL)816877-naldb-Voyager
=040  \\$aZCU$beng$cZCU$dAGL$dOCLCQ$dOCLCG$dFUG$dNUI$dOCLCQ$dOCLCF$dOCLCQ
=043  \\$an-us---
=049  \\$aAGLL
=050  \0$aHD1525$b.H4
=070  0\$aaHD1525.H43$b1947
=072  \0$aE100
=086  0\$aA 36.118:59
=100  1\$aHecht, Reuben W.$q(Reuben William)$0http://id.loc.gov/authorities/names/n88665617
=245  10$aFarm labor requirements in the United States 1939 and 1944 /$cby Reuben W. Hecht.
=260  \\$aWashington, D.C. :$bU.S. Dept. of Agriculture, Bureau of Agricultural Economics,$c[1947]
=300  \\$a68 pages :$bmaps, tables, diagrams ;$c26 cm
=336  \\$atext$btxt$2rdacontent
=337  \\$aunmediated$bn$2rdamedia
=338  \\$avolume$bnc$2rdacarrier
=591  \\$bNAL Reclamation
=593  \\$fAgricola CAT
=650  \0$aAgricultural laborers$zUnited States.$0http://id.loc.gov/authorities/subjects/sh85002346
=651  \7$aUnited States.$2fast$0(OCoLC)fst01204155
=655  \3$aInternet resource.
=710  1\$aUnited States.$bBureau of Agricultural Economics.$0http://id.loc.gov/authorities/names/n80060900
=776  08$iOnline version:$aHecht, Reuben W. (Reuben William)$tFarm labor requirements in the United States 1939 and 1944.$dWashington, D.C. : U.S. Dept. of Agriculture, Bureau of Agricultural Economics, [1947]$w(OCoLC)1042803376
=830  \0$aFM (United States. Bureau of Agricultural Economics) ;$v59.
=856  41$uhttps://archive.org/details/farmlaborrequire59hech
=912  \\$analcatalog
=930  \\$a20140812$b20140905$c00000000
=939  \\$a20130213$b20130304$c00000000
=939  \\$a19980801$b19980807$c00000000
=945  \\$dRLG$e98/07/10$fAR$g98/07/14
=945  \\$p76
=945  \\$aDigiMet
=946  \\$aUSDA
=994  \\$a92$bAGL

