=LDR  03200cam a2200541Ia 4500
=001  9915554111607426
=005  20240620121015.0
=008  980626s1945\\\\dcua\\\\\s\\\f000\0\eng\c
=010  \\$aagr45000253 
=016  7\$aCAT10850454$2DNAL
=019  \\$a801388915
=035  \\$a816139
=035  \\$a(OCoLC)04154409$z(OCoLC)801388915
=035  \\$a(DNAL)816139-naldb-Voyager
=035  \\$z(OCoLC)801388915
=040  \\$aU.S. Dept. of agr. Library$beng$cAPL$dOCL$dAGL$dOCL$dIUL$dOCLCQ$dCLU$dOCLCQ$dLHL$dOCLCQ$dOCLCF$dOCLCO$dNOC$dOCLCA
=043  \\$an-us---
=049  \\$aAGLL
=050  \0$aHB233.A3$bU48$aS21.A46 no. 576
=070  0\$a1$bAg84M no.576
=072  \0$aE700
=072  \0$aQ000
=086  0\$aA 1.38:576
=245  00$aPrice spreads between farmers and consumers for food products, 1913-44.
=260  \\$aWashington, D.C. :$bU.S. Dept. of Agriculture, Bureau of Agricultural Economics,$c1945.
=300  \\$a290 pages :$billustrations ;$c23 cm.
=336  \\$atext$btxt$2rdacontent
=337  \\$aunmediated$bn$2rdamedia
=338  \\$avolume$bnc$2rdacarrier
=490  1\$aMiscellaneous publication / United States Department of Agriculture ;$vno. 576
=505  0\$a1. New series of farm-retail price spreads. pp. 1 -- 2. Charges for marketing farm food products. pp. 5 -- 3. The basic data: Prices paid by consumers and prices received by farmers. pp. 24 -- 4. Farm-produce, equivalents, byproduct allowances, and time lags. pp. 29 -- 5. Federal taxes and payments in food marketing. pp. 32 -- 6. The National marketing bill for farm food products, 1913-43. pp. 42 -- 7,. The market basket of family purchases of farm food products. pp. 47 -- 8. Meat products. pp. 60 -- 9. Dairy products. pp. 90 -- 10. Poultry and eggs. pp. 116 -- 11. Bakery and other cereal products. pp. 131 -- 12. Fruits and vegetables. pp. 201 -- 13. Miscellaneous products. pp. 253 -- 14. Principal topics. pp. 287 -- 15. Text tables. pp. 288 -- 16. Illustrations. pp. 289 -- 17. Commodity tables. 00. 290.
=520  3\$aThe material presented here represents comprehensive revision and expansion of series which have been published in the past, dealing with marketing changes and price spreads between farmers and consumers of food products, and includes a number of new series and comparisons.
=591  \\$bNAL Reclamation
=593  \\$fAgricola CAT
=650  \0$aProduce trade$zUnited States.
=650  \0$aAgricultural prices$zUnited States.
=651  \7$aUnited States.$2fast$0(OCoLC)fst01204155
=655  \3$aInternet resource.
=710  1\$aUnited States.$bBureau of Agricultural Economics.$0http://id.loc.gov/authorities/names/n80060900
=776  08$iOnline version:$tPrice spreads between farmers and consumers for food products, 1913-44.$dWashington, D.C. : U.S. Dept. of Agriculture, Bureau of Agricultural Economics, 1945$w(OCoLC)755177457
=830  \0$aMiscellaneous publication (United States. Department of Agriculture) ;$vno. 576.
=856  41$uhttps://archive.org/details/pricespreadsbetw576unit
=912  \\$analcatalog
=930  \\$a20140305$b20140404$c00000000
=939  \\$a19980702$b19980709$c00000000
=945  \\$n1
=945  \\$p306
=945  \\$aDigiMet
=946  \\$aOther US
=994  \\$a92$bAGL

