=LDR  01888cam a22005291a 4500
=001  9915555166307426
=005  20240620105843.0
=008  890419s1962\\\\dcua\\\\\\\\\f000\0\eng\\
=010  \\$aagr62000127 
=016  7\$aCAT10306936$2DNAL
=035  \\$a345648
=035  \\$a(OCoLC)00674470
=035  \\$a(DNAL)345648-naldb-Voyager
=040  \\$aDLC$beng$cDLC$dAGL$dIUL$dNUI$dOCLCF$dSFR$dGPO$dDRB$dOCLCO
=042  \\$apremarc
=043  \\$ae-uk---
=049  \\$aAGLY
=050  00$aHD9011.4$b.O85
=070  0\$aA281.9$bAg83 no.19
=072  \0$aE700
=072  \0$aE100
=074  \\$a0076-G
=086  0\$aA 93.21/2:19
=245  00$aUnited Kingdom :$bprojected level of demand, supply, and imports of farm products in 1965 and 1975.
=260  \\$aWashington, D.C. :$bEconomic Research Service, U.S. Dept. of Agriculture,$c1962.
=300  \\$a131 p. ;$c26cm.
=336  \\$atext$btxt$2rdacontent
=337  \\$aunmediated$bn$2rdamedia
=338  \\$avolume$bnc$2rdacarrier
=490  1\$aERS-foreign ;$v19
=591  \\$bNAL Reclamation
=593  \\$fAgricola CAT
=650  \0$aFarm produce$zGreat Britain.
=650  \0$aAgricultural estimating and reporting$zGreat Britain.
=651  \7$aGreat Britain.$2fast$0(OCoLC)fst01204623
=655  \3$aInternet resource.
=710  2\$aUniversity of Oxford.$bInstitute for Research in Agricultural Economics.$0http://id.loc.gov/authorities/names/no2019000556
=776  08$iOnline version:$tUnited Kingdom.$dWashington, D.C. : Economic Research Service, U.S. Dept. of Agriculture, 1962$w(OCoLC)1144911763
=830  \0$aERS-foreign ;$v19.
=841  \\$ax   $b8709220u    0   4   uu   1870922$ez
=852  \\$aDNAL$iA281.9 Ag83 no.19
=856  40$uhttps://archive.org/details/unitedkingdompro19univ
=912  \\$analcatalog
=930  \\$a20140305$b20140404$c00000000
=945  \\$aUIU
=945  \\$p140
=945  \\$aDigiMet
=946  \\$aUSDA
=994  \\$a92$bAGL

