=LDR  01974cam a2200457Ia 4500
=001  9915555186007426
=005  20240620105838.0
=008  890419s1966\\\\dcu\\\\\\s\\\f000\0\eng\d
=016  7\$aCAT10307045$2DNAL
=035  \\$a345145
=035  \\$a(OCoLC)15600220
=035  \\$a(DNAL)345145-naldb-Voyager
=040  \\$aRQF$beng$cRQF$dAGL$dOCLCQ$dOCLCF$dOCLCQ$dOCLCO$dOCLCQ
=043  \\$an-us---
=049  \\$aAGLY
=070  0\$aA281.9$bAg83 no.172
=072  \0$aE700
=100  1\$aDeBlois, Eleanor N.
=245  10$aHigher commercial sales accounted for near record U.S. agricultural exports in calendar year 1965 /$cby Eleanor N. DeBlois.
=260  \\$a[Washington, D.C.] :$bTrade Statistics and Analysis Branch, Foreign Development and Trade Division, Economic Research Service, U.S. Dept. of Agriculture,$c1966.
=300  \\$apages 5-26 ;$c26 cm
=336  \\$atext$btxt$2rdacontent
=337  \\$aunmediated$bn$2rdamedia
=338  \\$avolume$bnc$2rdacarrier
=490  1\$aERS-foreign ;$v172
=591  \\$bNAL Reclamation
=593  \\$fAgricola CAT
=650  \0$aExport sales contracts$zUnited States.$0http://id.loc.gov/authorities/subjects/sh85046506
=650  \0$aAgriculture$xEconomic aspects$zUnited States.
=651  \7$aUnited States.$2fast$0(OCoLC)fst01204155
=655  \3$aInternet resource.
=776  08$iOnline version:$aDeBlois, Eleanor N.$tHigher commercial sales accounted for near record U.S. agricultural exports in calendar year 1965.$d[Washington, D.C.] : Trade Statistics and Analysis Branch, Foreign Development and Trade Division, Economic Research Service, U.S. Dept. of Agriculture, 1966$w(OCoLC)1091022359
=830  \0$aERS-foreign ;$v172.
=841  \\$ax   $b8709220u    0   4   uu   1870922$ez
=852  \\$aDNAL$iA281.9 Ag83 no.172
=856  40$uhttps://archive.org/details/highercommercial172debl
=912  \\$analcatalog
=930  \\$a20140305$b20140404$c00000000
=945  \\$aUIU
=945  \\$p28
=945  \\$aDigiMet
=946  \\$aUSDA
=994  \\$a92$bAGL

