=LDR  02140cam a2200517Ia 4500
=001  9915555190207426
=005  20240621222014.0
=008  890419s1963\\\\dcu\\\\\\s\\\f000\0\eng\d
=016  7\$aCAT10308050$2DNAL
=035  \\$a345387
=035  \\$a(OCoLC)15584061
=035  \\$a(DNAL)345387-naldb-Voyager
=040  \\$aRQF$beng$cRQF$dAGL$dOCL$dIUL$dOCLCQ$dNUI$dOCLCF$dOCLCQ$dOCLCO$dOCL
=043  \\$an-us---$aee-----
=049  \\$aAGLY
=070  0\$aA281.9$bAg83 no.65
=072  \0$aE700
=086  0\$aA 93.21/2:65
=100  1\$aAngelidis, Alex D.
=245  10$aU.S. trade with the European Soviet Bloc /$cby Alex D. Angelidis and Robert L. Tontz.
=246  3\$aUnited States trade with the European Soviet Bloc
=260  \\$a[Washington, D.C.] :$bDevelopment and Trade Analysis Division, Economic Research Service, U.S. Dept. of Agriculture, Economic Research Service, U.S. Dept. of Agriculture,$c1963.
=300  \\$apages 5-12 ;$c26 cm.
=336  \\$atext$btxt$2rdacontent
=337  \\$aunmediated$bn$2rdamedia
=338  \\$avolume$bnc$2rdacarrier
=490  1\$aERS-foreign ;$v65
=591  \\$bNAL Reclamation
=593  \\$fAgricola CAT
=651  \0$aUnited States$xCommerce$zEurope, Eastern$vStatistics.
=651  \0$aEurope, Eastern$xCommerce$zUnited States$vStatistics.
=651  \7$aEastern Europe.$2fast$0(OCoLC)fst01245079
=651  \7$aUnited States.$2fast$0(OCoLC)fst01204155
=655  \3$aInternet resource.
=655  \7$aStatistics.$2fast$0(OCoLC)fst01423727
=700  1\$aTontz, Robert L.
=776  08$iOnline version:$aAngelidis, Alex D.$tU.S. trade with the European Soviet Bloc.$d[Washington, D.C.] : Development and Trade Analysis Division, Economic Research Service, U.S. Dept. of Agriculture, Economic Research Service, U.S. Dept. of Agriculture, 1963$w(OCoLC)755292870
=830  \0$aERS-foreign ;$v65.
=841  \\$ax   $b8709220u    0   4   uu   1870922$ez
=852  \\$aDNAL$iA281.9 Ag83 no.65
=856  40$uhttps://archive.org/details/ustradewitheurop65ange
=912  \\$analcatalog
=930  \\$a20140305$b00000000$c00000000
=945  \\$aUIU
=945  \\$p16
=945  \\$aDigiMet
=946  \\$aUSDA
=994  \\$a92$bAGL

