=LDR  02008cam a2200505Ia 4500
=001  9915555191807426
=005  20240624163248.0
=008  890419s1940\\\\dcuab\\\\s\\\f000\0\eng\d
=016  7\$aCAT10308361$2DNAL
=035  \\$a345849
=035  \\$a(OCoLC)12367848
=035  \\$a(DNAL)345849-naldb-Voyager
=040  \\$aCLU$beng$cCLU$dAGL$dOCLCQ$dOCLCF$dOCLCO$dOCLCA
=043  \\$an-us---
=049  \\$aAGLY
=050  \0$aHD6989$b.W43f
=070  0\$a1$bAg84M no.345
=072  \0$aU300
=100  1\$aWeiss, Gertrude Schmidt,$d1906-
=245  10$aFamily income and expenditures :$bPlains and Mountain region. Part 1, family income /$cby Gertrude Schmidt Weiss, Day Monroe, Kathryn Cronister.
=260  \\$aWashington, D.C. :$bU.S. Dept. of Agriculture,$c1940.
=300  \\$av, 330 pages :$billustrations, 1 map ;$c23 cm.
=336  \\$atext$btxt$2rdacontent
=337  \\$aunmediated$bn$2rdamedia
=338  \\$avolume$bnc$2rdacarrier
=490  1\$aMiscellaneous publication / United States Department of Agriculture ;$vno. 345
=490  1\$aConsumer purchases study. Urban and village series
=591  \\$bNAL Reclamation
=593  \\$fAgricola CAT
=650  \0$aIncome$zUnited States.
=650  \0$aCost and standard of living$zUnited States.
=651  \7$aUnited States.$2fast$0(OCoLC)fst01204155
=655  \3$aInternet resource.
=776  08$iOnline version:$aWeiss, Gertrude Schmidt, 1906-$tFamily income and expenditures.$dWashington, D.C. : U.S. Dept. of Agriculture, 1940$w(OCoLC)1042220331
=830  \0$aConsumer purchases study.$pUrban and village series.
=830  \0$aMiscellaneous publication (United States. Department of Agriculture) ;$vno. 345.
=841  \\$ax   $b8709220u    0   4   uu   1870922$ez
=852  \\$aDNAL$i1 Ag84M no.345
=856  40$uhttps://archive.org/details/familyincomeexpe345weis
=912  \\$analcatalog
=930  \\$a20131022$b20131101$c00000000
=945  \\$aUIU
=945  \\$p342
=945  \\$aDigiMet
=946  \\$aUSDA
=959  \\$c2013-10-22$essouder$gurl
=994  \\$a92$bAGL

