=LDR  02377cam a2200565Ia 4500
=001  9915555197007426
=005  20240624163237.0
=008  890419s1964\\\\dcuad\\\\b\\\f000\0\eng\\
=010  \\$aagr65000047 
=016  7\$aCAT10307705$2DNAL
=035  \\$a345927
=035  \\$a(OCoLC)00674556
=035  \\$a(DNAL)345927-naldb-Voyager
=040  \\$aDLC$beng$cDRB$dAGL$dOCLCQ$dNUI$dOCLCF$dOCLCA$dOCLCO$dOCLCQ$dOCLCA$dWURST
=043  \\$ae-au---
=049  \\$aAGLY
=050  00$aHD1935$b.V5
=070  0\$aA281.9$bAg83 no.62
=072  \0$aE700
=086  0\$aA 93.21/2:62
=245  00$aAustria :$bprojected level of supply, demand, and trade of agricultural products in 1965 and 1975 /$c[prepared for the Economic Research Service and the Foreign Agricultural Service of the U.S. Dept. of Agriculture under contract with the Austrian Institute for Economic Research].
=260  \\$aJerusalem :$bIsrael Program for Scientific Translations,$c1964.
=300  \\$aiv, 322 pages :$billustrations, charts ;$c26 cm.
=336  \\$atext$btxt$2rdacontent
=337  \\$aunmediated$bn$2rdamedia
=338  \\$avolume$bnc$2rdacarrier
=490  1\$aERS-foreign ;$v62
=504  \\$aIncludes bibliographical references.
=591  \\$bNAL Reclamation
=593  \\$fAgricola CAT
=651  \0$aAustria$xCommerce.
=651  \0$aAustria$xEconomic conditions.$0http://id.loc.gov/authorities/subjects/sh85009666
=650  \0$aAgriculture$xEconomic aspects$zAustria.
=650  \0$aProduce trade$zAustria.
=651  \7$aAustria.$2fast$0(OCoLC)fst01204901
=655  \3$aInternet resource.
=710  2\$aÖsterreichisches Institut für Wirtschaftsforschung.$0http://id.loc.gov/authorities/names/n79125099
=710  1\$aUnited States.$bDepartment of Agriculture.$bEconomic Research Service.
=710  1\$aUnited States.$bForeign Agricultural Service.$0http://id.loc.gov/authorities/names/n80126196
=776  08$iOnline version:$tAustria.$dJerusalem : Israel Program for Scientific Translations, 1964$w(OCoLC)1083763527
=830  \0$aERS-foreign ;$v62.
=841  \\$ax$b8709220u    0   4   uu   1870922$ez
=852  \\$aDNAL$iA281.9 Ag83 no.62
=856  40$uhttps://archive.org/details/austriaprojected62unit
=912  \\$analcatalog
=930  \\$a20140305$b20140404$c00000000
=945  \\$aUIU
=945  \\$p332
=945  \\$aDigiMet
=946  \\$aUSDA
=959  \\$c2013-04-02$essouder$gap
=994  \\$a92$bAGL

