=LDR  01692cam a2200469Ia 4500
=001  9915555240307426
=005  20240620105849.0
=008  890419s1963\\\\dcud\\\\\s\\\f000\0\eng\d
=016  7\$aCAT10306619$2DNAL
=035  \\$a345294
=035  \\$a(OCoLC)15566268
=035  \\$a(DNAL)345294-naldb-Voyager
=040  \\$aRQF$beng$cRQF$dAGL$dOCL$dIUL$dOCLCQ$dOCLCF$dOCLCQ$dOCLCO$dWURST$dOCL
=043  \\$ae------
=049  \\$aAGLY
=070  0\$aA281.9$bAg83 no.54
=072  \0$aE700
=086  0\$aA 93.21/2:54
=100  1\$aOweis, Jiryis S.$q(Jiryis Sbetan),$d1924-
=245  10$aAgricultural imports of the European Common Market /$cby Jiryis S. Oweis and Alex D. Angelidis.
=260  \\$a[Washington, D.C.] :$bDevelopment and Trade Analysis Division, Economic Research Service, U.S. Dept. of Agriculture,$c1963.
=300  \\$apages 6-38 :$bcharts ;$c26 cm.
=336  \\$atext$btxt$2rdacontent
=337  \\$aunmediated$bn$2rdamedia
=338  \\$avolume$bnc$2rdacarrier
=490  1\$aERS-foreign ;$v54
=591  \\$bNAL Reclamation
=593  \\$fAgricola CAT
=650  \0$aAgriculture$xEconomic aspects$zEuropean Economic Community countries.
=651  \0$aEuropean Economic Community countries$xCommerce.
=651  \7$aEuropean Economic Community countries.$2fast$0(OCoLC)fst01245089
=655  \3$aInternet resource.
=700  1\$aAngelidis, Alex D.
=830  \0$aERS-foreign ;$v54.
=841  \\$ax   $b8709220u    0   4   uu   1870922$ez
=852  \\$aDNAL$iA281.9 Ag83 no.54
=856  40$uhttps://archive.org/details/agriculturalimpo54owei
=912  \\$analcatalog
=930  \\$a20140305$b20140404$c00000000
=945  \\$aUIU
=945  \\$p40
=945  \\$aDigiMet
=946  \\$aUSDA
=994  \\$a92$bAGL

