=LDR  02115cam a2200541Ia 4500
=001  9915555295707426
=005  20240624163259.0
=008  890419s1940\\\\dcuab\\\\\\\\f000\0\eng\d
=010  \\$aagr41000039 
=016  7\$aCAT10308511$2DNAL
=035  \\$a345954
=035  \\$a(OCoLC)06081103
=035  \\$a(DNAL)345954-naldb-Voyager
=040  \\$aTXA$beng$cTXA$dAGL$dIUL$dOCLCQ$dOCLCG$dOCLCQ$dOCLCF$dOCLCO$dOCLCA$dSFR$dAGM$dSNN$dOCLCQ
=043  \\$an-usc--$an-ust--
=049  \\$aAGLY
=050  \0$aSF85$b.A47
=070  0\$a1$bAg84M no.410
=072  \0$aF130
=072  \0$aL500
=086  0\$aA 1.38:410
=100  1\$aAllred, B. W.$q(Berten Wendell),$d1904-$0http://id.loc.gov/authorities/names/nr95006564
=245  10$aRange conservation practices for the Great Plains /$c[by B.W. Allred].
=260  \\$aWashington, D.C. :$bU.S. Dept. of Agriculture,$c1940.
=300  \\$a21 pages :$billustrations, maps ;$c23 cm.
=336  \\$atext$btxt$2rdacontent
=337  \\$aunmediated$bn$2rdamedia
=338  \\$avolume$bnc$2rdacarrier
=490  1\$aMiscellaneous publication / United States Department of Agriculture ;$vno. 410
=591  \\$bNAL Reclamation
=593  \\$fAgricola CAT
=650  \0$aRange management$zHigh Plains (U.S.).
=650  \0$aAnimal nutrition.$0http://id.loc.gov/authorities/subjects/sh85005216
=650  \3$arangelands.
=651  \3$aGreat Plains region.
=651  \7$aUnited States$zHigh Plains.$2fast$0(OCoLC)fst01241976
=655  \3$aInternet resource.
=776  08$iOnline version:$aAllred, B.W. (Berten Wendell), 1904-$tRange conservation practices for the Great Plains.$dWashington, D.C. : U.S. Dept. of Agriculture, 1940$w(OCoLC)760023538
=830  \0$aMiscellaneous publication (United States. Department of Agriculture) ;$vno. 410.
=841  \\$ax   $b8709220u    0   4   uu   1870922$ez
=852  \\$aDNAL$i1 Ag84M no.410
=856  41$uhttps://archive.org/details/rangeconservatio410allr
=912  \\$analcatalog
=930  \\$a20131022$b20131101$c00000000
=945  \\$aUIU
=945  \\$p34
=945  \\$aDigiMet
=946  \\$aUSDA
=959  \\$c2013-10-22$essouder$gurl
=994  \\$a92$bAGL

