=LDR  02695cam a22005651a 4500
=001  9915555303807426
=005  20240624163309.0
=008  890419s1941\\\\dcuab\\\\\\\\f000\0\eng\c
=010  \\$aagr41000544 
=016  7\$aCAT10308076$2DNAL
=019  \\$a800355848
=035  \\$a345944
=035  \\$a(OCoLC)07146517$z(OCoLC)800355848
=035  \\$a(DNAL)345944-naldb-Voyager
=035  \\$z(OCoLC)800355848
=040  \\$aU.S. Dept. of Agr. Lib.$beng$cYSM$dDLC$dAGL$dIUL$dOCLCQ$dOCLCG$dOCLCQ$dLHL$dOCLCF$dOCLCO$dNOC$dOCLCA$dSFR
=043  \\$an-us---
=049  \\$aAGLY
=050  00$aS21$b.A46 no. 448
=051  \\$aS623$b.R86
=070  0\$a1$bAg84M no.448
=072  \0$aJ800
=086  0\$aA 1.38:448
=100  1\$aRule, Glenn K.$q(Glenn Kenton),$d1893-$0http://id.loc.gov/authorities/names/n90687150
=245  10$aSoil conservation districts in action on the land /$cby Glenn K. Rule.
=260  \\$aWashington, D.C. :$bU.S. Dept. of Agriculture,$c1941.
=300  \\$a25 pages :$billustrations, maps ;$c27 cm.
=336  \\$atext$btxt$2rdacontent
=337  \\$aunmediated$bn$2rdamedia
=338  \\$avolume$bnc$2rdacarrier
=490  1\$aMiscellaneous publication / United States Department of Agriculture ;$vno. 448
=505  0\$aThe idea spreads. pp. 1. -- On the North Plains. pp. 2. -- The Cotton South. pp. 15.
=520  3\$aThis publication has tried to indicate how the district idea works out as it moves from theory to practice, from paper to the land. Many of the other districts show as much progress as is here revealed in the two examples. When a considerable number of the recently organized districts can get into action, in full stride, we shall be immeasurably nearer the day when the forces of repair strike a balance with the forces of destruction.
=591  \\$bNAL Reclamation
=593  \\$fAgricola CAT
=650  \0$aSoil conservation$zUnited States.$0http://id.loc.gov/authorities/subjects/sh85124332
=651  \7$aUnited States.$2fast$0(OCoLC)fst01204155
=655  \3$aInternet resource.
=776  08$iOnline version:$aRule, Glenn K. (Glenn Kenton), 1893-$tSoil conservation districts in action on the land.$dWashington, D.C. : U.S. Dept. of Agriculture, 1941$w(OCoLC)953977837
=830  \0$aMiscellaneous publication (United States. Department of Agriculture) ;$vno. 448.
=841  \\$ax   $b8709220u    0   4   uu   1870922$ez
=852  \\$aDNAL$i1 Ag84M no.448
=856  41$uhttps://archive.org/details/soilconservation448rule
=912  \\$analcatalog
=930  \\$a20140305$b20140404$c00000000
=939  \\$a20130417$b20130503$c00000000
=945  \\$aUIU
=945  \\$p36
=945  \\$aDigiMet
=946  \\$aUSDA
=959  \\$c2013-04-17$essouder$gde
=994  \\$a92$bAGL

