=LDR  01817cam a2200469 a 4500
=001  9915555565907426
=005  20240624163408.0
=008  800401s1966\\\\dcua\\\\\b\\\f000\0\eng\d
=016  7\$aCAT10230018$2DNAL
=035  \\$a199318
=035  \\$a(OCoLC)825560535
=035  \\$a(DNAL)199318-naldb-Voyager
=040  \\$aMUU$beng$cMUU$dOCLCO$dOCLCF$dOCLCQ$dAGL$dOCLCQ
=049  \\$aAGLL
=070  0\$aA56.9$bR31 no. 120
=072  \0$a8500
=086  0\$aA 77.15:ARS-41-120
=100  1\$aBrakensiek, D. L.$q(Donald L.),$d1928-$0http://id.loc.gov/authorities/names/n79089110
=245  10$aAutomated system for analysis of runoff hydrographs /$c[D.L. Brakensiek.
=260  \\$aWashington, D.C.] :$bU.S. Dept. of Agriculture,$c1966.
=300  \\$a16 pages :$billustrations ;$c26 cm
=336  \\$atext$btxt$2rdacontent
=337  \\$aunmediated$bn$2rdamedia
=338  \\$avolume$bnc$2rdacarrier
=490  1\$aARS ;$v41-120
=504  \\$aIncludes bibliographical references.
=530  \\$aAlso available online.
=591  \\$bNAL Reclamation
=593  \\$fAgricola CAT
=650  \0$aHydrography.$0http://id.loc.gov/authorities/subjects/sh85063443
=650  \0$aComputer programs.$0http://id.loc.gov/authorities/subjects/sh85029524
=655  \3$aInternet resource.
=710  1\$aUnited States.$bAgricultural Research Service.$bSoil and Water Conservation Research Division.$0http://id.loc.gov/authorities/names/n83008026
=830  \0$aARS (Series) (United States. Agricultural Research Service) ;$v41-120.
=856  41$uhttps://archive.org/details/automatedsystemf12brak
=912  \\$analcatalog
=930  \\$a20201020$b00000000$c00000000
=939  \\$a20131022$b20131101$c00000000
=945  \\$aDigiMet
=945  \\$p23
=946  \\$aUSDA
=959  \\$c2013-10-22$essouder$gurl
=959  \\$c2020-10-20$ecbarone$gother
=994  \\$a92$bAGL

