=LDR  02248cas a2200553 a 4500
=001  9915555695707426
=005  20240624163431.0
=007  hd\afa---bacp
=007  hd\bfa---baap
=007  hd\bfa---babp
=008  991027d18971907paumr\p\a\\\\\0\\\\0eng\d
=016  7\$aCAT10880037$2DNAL
=035  \\$a838361
=035  \\$a(OCoLC)39384374
=035  \\$a(DNAL)838361-naldb-Voyager
=040  \\$aUPM$beng$cUPM$dAGL$dOCL$dOCLCQ$dOCLCF$dOCLCO$dOCLCQ$dOCLCA
=049  \\$aAGLL
=050  \0$aSF481$bP902
=070  0\$aFilm$bS-2001
=072  \0$aL100
=245  00$aFancy fowls.
=260  \\$aHopkinsville, KY :$bFancy Fowls Co.,$c1897-1907.
=300  \\$a11 volumes :$billustrations ;$c30 cm
=336  \\$atext$btxt$2rdacontent
=337  \\$amicroform$bh$2rdamedia
=338  \\$amicrofilm reel$bhd$2rdacarrier
=362  1\$aBegan with vol. 1 in 1897 and ceased with vol. 11 in 1907.
=530  \\$aNAL also has print (NAL call no.: 47.8 F213P).
=580  \\$aContinued by: Poultry fancier, which repeats number for 11.
=588  0\$aVol. 6, no. 1 (Jan. 1902).
=533  \\$aMicrofilm.$mv.6,no. 1 (1902), v.6,no. 3 (1902), v.6,no. 5 (1902)-v.6,no. 10 (1902), v.8,no. 2 (1904), v.8,no. 8 (1904)-v.8,no. 10 (1904), v.8,no. 12 (1904), v.10,no. 9 (1906)-v.11,no. 7 (1907)$bUniversity Park, Pa. :$cPennsylvania State University,$d1998.$e1 microfilm reel ; 35 mm.$f(USAIN state and local literature preservation project. Pennsylvania)$f(Pennsylvania agricultural literature on microfilm).
=539  \\$ad$b1902$c1907$dpau$eu$fu$ga
=591  \\$bNAL Reclamation
=593  \\$fAgricola CAT
=650  \0$aPoultry$vPeriodicals.
=655  \3$aInternet resource.
=655  \7$aPeriodicals.$2fast$0(OCoLC)fst01411641
=785  10$tPoultry fancier
=830  \0$aUSAIN state and local literature preservation project.$pPennsylvania
=830  \0$aPennsylvania agricultural literature on microfilm
=856  41$uhttps://archive.org/details/usda-fancyfowls
=912  \\$analcatalog
=930  \\$a20140702$b20140807$c00000000
=939  \\$a20091002$b20091106$c00000000
=939  \\$a19991031$b19991104$c00000000
=945  \\$dCM$e99/10/27$fCM$g99/10/27
=945  \\$vpt. 1
=945  \\$p442
=945  \\$aDigiMet
=945  \\$vpt. 2
=945  \\$p444
=945  \\$aDigiMet
=945  \\$vpt. 3
=945  \\$p436
=945  \\$aDigiMet
=945  \\$vpt. 4
=945  \\$p220
=945  \\$aDigiMet
=945  \\$vpt. 5
=945  \\$p384
=945  \\$aDigiMet
=945  \\$vpt. 6
=945  \\$p224
=945  \\$aDigiMet
=946  \\$aOther US
=959  \\$c2009-10-02$edgoldber$gmulver
=994  \\$a92$bAGL

