=LDR  01220cam a2200373M  4500
=001  9915555736307426
=005  20240624163440.0
=008  800401s1966\\\\dcu\\\\\\\\\\\000\0\eng\d
=016  7\$aCAT10230253$2DNAL
=035  \\$a199778
=035  \\$a(OCoLC)1289153717
=035  \\$a(DNAL)199778-naldb-Voyager
=040  \\$aAGL$beng$cAGL
=049  \\$aAGLL
=070  \\$aA381$bR31A no. 52
=072  \0$a1500
=100  1\$aEskew, Roderick K.$q(Roderick Koenig),$d1897-
=245  14$aThe effect of nonfat milk solids on the storage properties of potato flakelets$c[by R. K. Eskew, F. H. Drazga, and F. B. Talley.
=260  \\$aWashington]$bAgricultural Research Service, U.S. Dept. of Agriculture,$c1966.
=300  \\$a8 p.$billus.$c27 cm.
=490  1\$a[U.S. Agricultural Research Service] ARS 73-52
=591  \\$bNAL Reclamation
=593  \\$fAgricola CAT
=650  \0$aPotato flakes.
=655  \3$aInternet resource.
=700  1\$aDrazga, F. H.
=700  1\$aTalley, F. B.
=830  \0$aARS 73 ;$v52.
=856  41$uhttps://archive.org/details/effectofnonfatmi7352eske
=912  \\$analcatalog
=930  \\$a20140414$b20140502$c00000000
=945  \\$aDigiMet
=945  \\$p14
=946  \\$aUSDA
=959  \\$c2014-04-14$earojas$gap
=994  \\$a92$bAGL

