=LDR  01717cam a2200481 a 4500
=001  9915555768407426
=005  20240624163500.0
=008  800401s1967\\\\mdu\\\\\\f\\\f000\0\eng\d
=016  7\$aCAT10242770$2DNAL
=035  \\$a199974
=035  \\$a(OCoLC)826201985
=035  \\$a(DNAL)199974-naldb-Voyager
=040  \\$aMUU$beng$cMUU$dOCLCF$dOCLCO$dOCL$dOCLCQ$dAGL$dOCLCQ
=049  \\$aAGLL
=070  0\$aA464.479$bR31 no. 7 1967
=072  \0$a7000
=086  0\$aA 77.15:82-7
=110  1\$aUnited States.$bPlant Quarantine Division.$0http://id.loc.gov/authorities/names/n82115283
=245  10$aManual for fumigating Mexican fruits with ethylene dibromide.
=250  \\$a4th ed.
=260  \\$aHyattsville :$bUnited States. Dept. of Agriculture, Plant Quarantine Division,$c1967.
=300  \\$aii, 28 pages ;$c23 cm
=336  \\$atext$btxt$2rdacontent
=337  \\$aunmediated$bn$2rdamedia
=338  \\$avolume$bnc$2rdacarrier
=490  1\$aARS ;$v82-7
=530  \\$aAlso available online.
=591  \\$bNAL Reclamation
=593  \\$fAgricola CAT
=650  \0$aPesticides$vHandbooks, manuals, etc.
=650  \0$aEthylene dibromide.$0http://id.loc.gov/authorities/subjects/sh85045437
=650  \0$aFruit$xFumigation.
=655  \3$aInternet resource.
=655  \7$aHandbooks and manuals.$2fast$0(OCoLC)fst01423877
=655  \7$aHandbooks and manuals.$2lcgft
=830  \0$aARS (Series) (United States. Agricultural Research Service) ;$v82-7.
=856  41$uhttps://archive.org/details/manualforfumigat07unit
=912  \\$analcatalog
=930  \\$a20201020$b00000000$c00000000
=945  \\$aDigiMet
=945  \\$p36
=946  \\$aUSDA
=959  \\$c2013-10-22$essouder$gurl
=959  \\$c2020-10-20$ecbarone$gother
=994  \\$a92$bAGL

