=LDR  01557cam a2200481Ma 4500
=001  9915555769507426
=005  20240624163449.0
=008  800401s1964\\\\dcu\\\\\\\\\\f000\0\eng\d
=016  7\$aCAT10230135$2DNAL
=019  \\$a30090610
=035  \\$a199544
=035  \\$a(OCoLC)631084134$z(OCoLC)30090610
=035  \\$a(DNAL)199544-naldb-Voyager
=035  \\$z(OCoLC)30090610
=040  \\$aU3G$beng$cU3G$dOCLCO$dAGL$dOCLCO$dFWD$dOCLCQ$dOCLCF$dCOF$dOCLCA
=049  \\$aAGLL
=070  0\$aA56.9$bR31 no. 89
=070  \\$aA56.9$bR31 no. 89
=072  \0$a5000
=086  0\$aA 77.15:ARS-41-89
=100  1\$aComer, George H.
=245  10$aComputer reduction of precipitation data /$cGeorge H. Comer and W. Russell Hamon.
=260  \\$a[Washington, D.C.?] :$bU.S. Dept. of Agriculture,$c[1964]
=300  \\$a38 pages ;$c26 cm.
=336  \\$atext$btxt$2rdacontent
=337  \\$aunmediated$bn$2rdamedia
=338  \\$avolume$bnc$2rdacarrier
=490  1\$aARS 41 ;$v89
=591  \\$bNAL Reclamation
=593  \\$fAgricola CAT
=650  \0$aPrecipitation (Meteorology)$xData processing.
=655  \3$aInternet resource.
=700  1\$aHamon, W. Russell.
=710  1\$aUnited States.$bAgricultural Research Service.
=830  \0$aARS 41 ;$v89.
=856  41$uhttps://archive.org/details/computerreductio89come
=912  \\$analcatalog
=930  \\$a20160204$b20160304$c00000000
=939  \\$a20140115$b20140207$c00000000
=939  \\$a20130315$b20130404$c00000000
=945  \\$aDigiMet
=945  \\$p46
=946  \\$aUSDA
=958  \\$be$c2016-02-04$dn$edfriedma
=994  \\$a92$bAGL

