=LDR  01940cam a2200529 a 4500
=001  9915555778907426
=005  20240624163452.0
=008  800401s1967\\\\orua\\\\\b\\\f000\0\eng\d
=016  7\$aCAT10242313$2DNAL
=035  \\$a199073
=035  \\$a(OCoLC)58996365
=035  \\$a(DNAL)199073-naldb-Voyager
=040  \\$aORE$beng$cORE$dOCL$dOCLCA$dMTG$dOCLCO$dOCLCQ$dAGM$dOCLCQ$dAGL
=049  \\$aAGLL
=050  \0$aSD143$b.U51 no.66
=070  \\$a99.9$bF7625U no. 66
=072  \0$a7000
=086  0\$aA 13.79:PNW-66
=245  00$aEffect of pH and temperature on growth of Poria weirii in vitro /$cC.Y. Li [and others].
=260  \\$aPortland, Or. :$bPacific Northwest Forest and Range Experiment Station, U.S. Dept. of Agriculture,$c[1967]
=300  \\$a6 pages :$billustrations ;$c28 cm
=336  \\$atext$btxt$2rdacontent
=337  \\$aunmediated$bn$2rdamedia
=338  \\$avolume$bnc$2rdacarrier
=490  1\$aU.S. Forest Service research note PNW ;$v66
=504  \\$aIncludes bibliographical references (page 6).
=591  \\$bNAL Reclamation
=593  \\$fAgricola CAT
=650  \0$aPhellinus weirii$xGrowth.
=650  \0$aPhellinus weirii$xEffect of temperature on.
=650  \0$aPhellinus weirii$xCultures and culture media.
=650  \3$aPhellinus weirii.
=650  \3$atemperature.
=650  \3$apH.
=650  \3$afungi.
=650  \3$abiological control.
=650  \3$aPhellinus sulphurascens.
=655  \3$aInternet resource.
=700  1\$aLi, C. Y.$0http://id.loc.gov/authorities/names/n82085269
=710  2\$aPacific Northwest Forest and Range Experiment Station (Portland, Or.)$0http://id.loc.gov/authorities/names/n80126131
=830  \0$aU.S. Forest Service research note PNW ;$v66.
=856  41$uhttps://archive.org/details/effectofphtemper66licy
=912  \\$analcatalog
=930  \\$a20140506$b00000000$c00000000
=945  \\$aDigiMet
=945  \\$p10
=946  \\$aUSDA
=959  \\$c2014-05-06$earojas$gap
=994  \\$a92$bAGL

