=LDR  02237cam a2200625 a 4500
=001  9915555782207426
=005  20240620114419.0
=008  910110s1990\\\\paua\\\\\bs\\f000\0\eng\\
=010  \\$a   90602003 
=016  7\$aCAT10411323$2DNAL
=019  \\$a29223854$a1231817324
=035  \\$a482901
=035  \\$a(OCoLC)22536844$z(OCoLC)29223854$z(OCoLC)1231817324
=035  \\$a(DNAL)482901-naldb-Voyager
=035  \\$z(OCoLC)29223854$z(OCoLC)1231817324
=040  \\$aAGL$beng$cDLC$dAGL$dGPO$dBTCTA$dOCLCO$dOCLCF$dOCLCQ$dWURST$dAGM
=042  \\$alccopycat
=043  \\$an-us-wv
=049  \\$aAGLL
=050  00$aHD9757.W4$bW53 1990
=070  0\$aA99.9$bF7622Uf no.115
=072  \0$aK510
=074  \\$a0083-B-05 (MF)
=086  0\$aA 13.80:NE-115
=100  1\$aWidmann, Richard H.
=245  10$aWest Virginia timber products output--1987 /$cRichard H. Widmann, Edward C. Murriner.
=260  \\$aRadnor, PA :$bNortheastern Forest Experiment Station,$c[1990]
=300  \\$a20 pages :$billustrations ;$c28 cm.
=336  \\$atext$btxt$2rdacontent
=337  \\$aunmediated$bn$2rdamedia
=338  \\$avolume$bnc$2rdacarrier
=490  1\$aResource Bulletin NE ;$v115
=504  \\$aIncludes bibliographical references (page 8).
=591  \\$bNAL Reclamation
=593  \\$fAgricola CAT
=650  \0$aTimber$zWest Virginia.
=650  \0$aForest products industry$zWest Virginia.
=650  \0$aWood$zWest Virginia.
=650  \3$aroundwood.
=650  \3$awood residues.
=651  \3$aWest Virginia.
=651  \7$aWest Virginia.$2fast$0(OCoLC)fst01205316
=655  \3$aInternet resource.
=700  1\$aMurriner, Edward C.
=776  08$iOnline version:$aWidmann, Richard H.$tWest Virginia timber products output--1987.$dRadnor, PA : Northeastern Forest Experiment Station, [1990]$w(OCoLC)623574538
=830  \0$aResource bulletin NE ;$v115.
=841  \\$ax   $b9010110u    0   4   uu   1901011$ez
=852  \\$aDNAL$iA99.9 F7622Uf no.115
=856  41$uhttps://archive.org/details/westvirginiatimb115widm
=912  \\$analcatalog
=930  \\$a20140207$b20140307$c00000000
=938  \\$aBaker and Taylor$bBTCP$n90602003
=945  \\$dSAM$e90/09/13$fCMM$g90/10/01$n1
=945  \\$p32
=945  \\$aDigiMet
=946  \\$aUSDA
=994  \\$a92$bAGL

