=LDR  02023cam a2200553 a 4500
=001  9915555825807426
=005  20240624163450.0
=008  800401s1967\\\\paua\\\\\b\\\f000\0\eng\d
=016  7\$aCAT10242387$2DNAL
=019  \\$a979844812
=035  \\$a199228
=035  \\$a(OCoLC)311578884$z(OCoLC)979844812
=035  \\$a(DNAL)199228-naldb-Voyager
=035  \\$z(OCoLC)979844812
=040  \\$aMTG$beng$cMTG$dMTG$dOCLCQ$dPHA$dOCLCO$dOCLCQ$dCSF$dOCLCF$dAGM$dOCLCA$dOCLCQ$dOCLCO$dAGL
=043  \\$an-usa--$an-us-oh$an-us-ky
=049  \\$aAGLL
=070  \\$aA99.9$bF7622U no. 67
=072  \0$a4500
=086  0\$aA 13.79:NE-67
=100  1\$aMcCauley, Orris D.$0http://id.loc.gov/authorities/names/no97014160
=245  14$aThe value added by sawmilling in the Appalachian hill country of Ohio and Kentucky /$c[Orris D. McCauley, and James C. Whittaker].
=260  \\$aUpper Darby, Pa. :$bNortheastern Forest Experiment Station, Forest Service, U.S. Dept. of Agriculture,$c1967.
=300  \\$a4 pages :$billustrations ;$c25 cm
=336  \\$atext$btxt$2rdacontent
=337  \\$aunmediated$bn$2rdamedia
=338  \\$avolume$bnc$2rdacarrier
=490  1\$aU.S. forest service research note ;$vNE-67
=504  \\$aIncludes bibliographical references.
=530  \\$aAlso available online.
=591  \\$bNAL Reclamation
=593  \\$fAgricola CAT
=650  \0$aSawmills$xEconomic aspects$zAppalachian Region.
=650  \3$asawmills.
=650  \3$avalue added.
=651  \3$aOhio
=651  \3$aKentucky
=651  \7$aAppalachian Region.$2fast$0(OCoLC)fst01240092
=655  \3$aInternet resource.
=700  1\$aWhittaker, James C.
=710  2\$aNortheastern Forest Experiment Station (Radnor, Pa.)
=830  \0$aForest Service research note NE ;$v67.
=856  41$uhttps://archive.org/details/valueaddedbysawm67mcca
=912  \\$analcatalog
=930  \\$a20140116$b00000000$c00000000
=945  \\$aDigiMet
=945  \\$p8
=946  \\$aUSDA
=959  \\$c2014-01-15$essouder$gurl
=959  \\$c2014-01-16$earojas$gap
=994  \\$a92$bAGL

