=LDR  01950cam a2200517 a 4500
=001  9915555844207426
=005  20240624163454.0
=008  800401s1967\\\\paua\\\\\\\\\f000\0\eng\d
=016  7\$aCAT10242368$2DNAL
=019  \\$a979845305
=035  \\$a199182
=035  \\$a(OCoLC)311565101$z(OCoLC)979845305
=035  \\$a(DNAL)199182-naldb-Voyager
=035  \\$z(OCoLC)979845305
=040  \\$aMTG$beng$cMTG$dMTG$dNUI$dOCLCA$dPHA$dOCLCF$dOCLCQ$dCOD$dOCLCA$dAGM$dOCLCA$dOCLCQ$dAGL
=049  \\$aAGLL
=070  \\$aA99.9$bF7622U no. 64
=072  \0$a8000
=086  0\$aA 13.79:NE-64
=100  1\$aMarquis, David A.$0http://id.loc.gov/authorities/names/n81134762
=245  10$aSoil moisture-soil temperature interrelationships on a sandy-loam soil exposed to full sunlight /$c[David A. Marquis].
=260  \\$aUpper Darby, Pa. :$bNortheastern Forest Experiment Station, Forest Service, U.S. Dept. of Agriculture,$c1967.
=300  \\$a5 pages :$billustrations ;$c25 cm
=336  \\$atext$btxt$2rdacontent
=337  \\$aunmediated$bn$2rdamedia
=338  \\$avolume$bnc$2rdacarrier
=490  1\$aU.S. Forest Service research note ;$vNE-64
=530  \\$aAlso available online.
=591  \\$bNAL Reclamation
=593  \\$fAgricola CAT
=650  \0$aSoil moisture.$0http://id.loc.gov/authorities/subjects/sh85124360
=650  \0$aSoil temperature.$0http://id.loc.gov/authorities/subjects/sh85124392
=650  \3$asandy loam soils.
=650  \3$asoil water.
=650  \3$asolar radiation.
=650  \3$asoil temperature.
=655  \3$aInternet resource.
=710  2\$aNortheastern Forest Experiment Station (Radnor, Pa.)
=830  \0$aU.S. Forest Service research note NE ;$v64.
=856  41$uhttps://archive.org/details/soilmoisturesoil64marq
=912  \\$analcatalog
=930  \\$a20140116$b00000000$c00000000
=945  \\$aDigiMet
=945  \\$p12
=946  \\$aUSDA
=959  \\$c2014-01-15$essouder$gurl
=959  \\$c2014-01-16$earojas$gap
=994  \\$a92$bAGL

