=LDR  01108cam a2200337M  4500
=001  9915555875207426
=005  20240621222105.0
=008  800401s1967\\\\utu\\\\\\\\\\\000\0\eng\d
=016  7\$aCAT10242392$2DNAL
=035  \\$a199238
=035  \\$a(OCoLC)1289110115
=035  \\$a(DNAL)199238-naldb-Voyager
=040  \\$aAGL$beng$cAGL
=049  \\$aAGLL
=070  \\$aA99.9$bF764Un no. 72
=072  \0$a7000
=100  1\$aMcDonough, W. T.
=245  10$aInhibitors of germination and growth from red elderberry; a laboratory evalution.
=260  \\$aOgden,$c1967.
=300  \\$a7 p.$billus.
=490  1\$aU.S. Forest Service. Intermountain Forest and Range Experiment Station. U.S. Forest Service research note INT-72
=504  \\$aBibliography: p. 7.
=591  \\$bNAL Reclamation
=593  \\$fAgricola CAT
=655  \3$aInternet resource.
=810  2\$aUnited States.$bForest Service.$tU.S. Forest Service research note INT.$v72.
=856  41$uhttps://archive.org/details/inhibitorsofgerm72mcdo
=912  \\$analcatalog
=930  \\$a20140604$b00000000$c00000000
=945  \\$aDigiMet
=945  \\$p12
=946  \\$aUSDA
=994  \\$a92$bAGL

