=LDR  01679cam a2200457I  4500
=001  9915556077707426
=005  20240624163526.0
=008  800401s1966\\\\dcua\\\\\b\\\f100\0\eng\d
=010  \\$aagr66000216 
=016  7\$aCAT10229416$2DNAL
=035  \\$a198148
=035  \\$a(OCoLC)05204176
=035  \\$a(DNAL)198148-naldb-Voyager
=040  \\$aTXA$beng$cTXA$dOCL$dOCLCQ$dOCLCF$dOCLCQ$dOCLCO$dOCL$dAGL
=049  \\$aAGLL
=050  \0$aS21$b.A85735 no. 53
=070  \\$aA41.9$bR315Ar no. 53
=072  \0$a2000
=111  2\$aScrapie Seminar$d(1964 :$cWashington, D.C.)
=245  10$aReport.
=260  \\$a[Washington],$c[1966]
=300  \\$avii, 378 pages$billustrations$c26 cm.
=336  \\$atext$btxt$2rdacontent
=337  \\$aunmediated$bn$2rdamedia
=338  \\$avolume$bnc$2rdacarrier
=490  1\$aUnited States. Agricultural Research Service. ARS$v91-53
=504  \\$aIncludes bibliographical references.
=591  \\$bNAL Reclamation
=593  \\$fAgricola CAT
=650  \0$aScrapie$vCongresses.
=655  \3$aInternet resource.
=655  \7$aConference papers and proceedings.$2fast$0(OCoLC)fst01423772
=710  1\$aUnited States.$bAgricultural Research Service.$bAnimal Disease Eradication Division.$0http://id.loc.gov/authorities/names/n79110453
=776  08$iOnline version:$aScrapie Seminar (1964 : Washington, D.C.).$tReport.$d[Washington, 1966]$w(OCoLC)707691640
=810  1\$aUnited States.$bAgricultural Research Service.$tARS ;$v91-53.
=856  41$uhttps://archive.org/details/report9153scra
=912  \\$analcatalog
=930  \\$a20140414$b20140502$c00000000
=945  \\$aDigiMet
=945  \\$p396
=946  \\$aUSDA
=959  \\$c2014-04-14$earojas$gap
=994  \\$a92$bAGL

