=LDR  00993cam a2200337M  4500
=001  9915556086807426
=005  20240624163526.0
=008  800401s1968\\\\dcu\\\\\\\\\\\000\0\eng\d
=016  7\$aCAT10242752$2DNAL
=035  \\$a199939
=035  \\$a(OCoLC)1289073445
=035  \\$a(DNAL)199939-naldb-Voyager
=040  \\$aAGL$beng$cAGL
=049  \\$aAGLL
=070  \\$aA41.9$bR315Ar no. 66
=072  \0$a2000
=110  1\$aUnited States.$bAgricultural Research Service.$bAnimal Health Division.
=245  12$aA guide for accredited veterinarians.
=260  \\$a[Washington]$c1968.
=300  \\$a34 p.
=490  1\$aU.S. Agricultural Research Service. ARS 91-66
=591  \\$bNAL Reclamation
=593  \\$fAgricola CAT
=655  \3$aInternet resource.
=830  \0$aARS 91 ;$v66.
=856  41$uhttps://archive.org/details/guideforaccredit9166unit
=912  \\$analcatalog
=930  \\$a20140414$b00000000$c00000000
=945  \\$aDigiMet
=945  \\$p40
=946  \\$aUSDA
=959  \\$c2014-04-14$earojas$gap
=994  \\$a92$bAGL

