=LDR  01902cam a2200493 a 4500
=001  9915556093107426
=005  20240624163524.0
=008  800401s1964\\\\dcu\\\\\\\\\\f000\0\eng\d
=016  7\$aCAT10230070$2DNAL
=035  \\$a199417
=035  \\$a(OCoLC)825109779
=035  \\$a(DNAL)199417-naldb-Voyager
=040  \\$aMUU$beng$cMUU$dOCLCF$dOCLCO$dOCLCQ$dOCLCA$dAGL$dOCLCQ
=043  \\$an-us-tx
=049  \\$aAGLL
=070  0\$aA56.9$bR31 no. 98
=072  \0$a8000
=086  0\$aA 77.15:ARS-41-98
=100  1\$aCarter, D. L.$q(David L.),$d1933-$0http://id.loc.gov/authorities/names/n81149663
=245  14$aThe salinity of nonirrigated soils in the lower Rio Grande Valley of Texas /$cD.L. Carter, C.L. Wiegand and R.R. Allen.
=260  \\$aWashington, D.C.] :$bU.S. Dept. of Agriculture,$c1964.
=300  \\$a35 pages ;$c26 cm
=336  \\$atext$btxt$2rdacontent
=337  \\$aunmediated$bn$2rdamedia
=338  \\$avolume$bnc$2rdacarrier
=490  1\$aARS ;$v41-98
=530  \\$aAlso available online.
=591  \\$bNAL Reclamation
=593  \\$fAgricola CAT
=650  \0$aSoil salinization.$0http://id.loc.gov/authorities/subjects/sh89005427
=650  \0$aSoils$zTexas.
=651  \7$aTexas.$2fast$0(OCoLC)fst01210336
=655  \3$aInternet resource.
=700  1\$aWiegand, Craig L.,$eauthor.$0http://id.loc.gov/authorities/names/n90640743
=700  1\$aAllen, R. R., De author.
=710  1\$aUnited States.$bAgricultural Research Service.$bSoil and Water Conservation Research Division.$0http://id.loc.gov/authorities/names/n83008026
=830  \0$aARS (Series) (United States. Agricultural Research Service) ;$v41-98.
=856  41$uhttps://archive.org/details/salinityofnonirr98cart
=912  \\$analcatalog
=930  \\$a20201020$b00000000$c00000000
=945  \\$aDigiMet
=945  \\$p44
=946  \\$aUSDA
=959  \\$c2013-10-22$essouder$gurl
=959  \\$c2020-10-20$ecbarone$gother
=994  \\$a92$bAGL

