=LDR  00966cam a2200337M  4500
=001  9915556294407426
=005  20240624163613.0
=008  800401s1968\\\\dcu\\\\\\\\\\\000\0\eng\d
=016  7\$aCAT10242389$2DNAL
=035  \\$a199232
=035  \\$a(OCoLC)1289107054
=035  \\$a(DNAL)199232-naldb-Voyager
=040  \\$aAGL$beng$cAGL
=049  \\$aAGLL
=070  \\$aA280.39$bR31A no. 23
=072  \0$a1500
=100  1\$aMcColloch, Lacy Porter,$d1907-
=245  10$aRefrigerated-storage tests with lima beans in the pod.
=260  \\$a[Washington]$c1968.
=300  \\$a3 p.
=490  1\$aU.S. Agricultural Research Service. ARS 51-23
=591  \\$bNAL Reclamation
=593  \\$fAgricola CAT
=655  \3$aInternet resource.
=830  \0$aARS 51 ;$v23.
=856  41$uhttps://archive.org/details/refrigeratedstor23mcco
=912  \\$analcatalog
=930  \\$a20140306$b00000000$c00000000
=945  \\$aDigiMet
=945  \\$p8
=946  \\$aUSDA
=959  \\$c2014-03-06$earojas$gap
=994  \\$a92$bAGL

