=LDR  02089cam a2200565Ia 4500
=001  9915556510407426
=005  20240624163640.0
=008  800401s1968\\\\orua\\\\\b\\\f000\0\eng\d
=016  7\$aCAT10242027$2DNAL
=019  \\$a1039829311$a1231754451
=035  \\$a198523
=035  \\$a(OCoLC)41864981$z(OCoLC)1039829311$z(OCoLC)1231754451
=035  \\$a(DNAL)198523-naldb-Voyager
=035  \\$z(OCoLC)1039829311$z(OCoLC)1231754451
=040  \\$aAkU$beng$cUAF$dMTG$dOCLCF$dOCLCQ$dOCLCO$dSEA$dOCL$dAGM$dWURST$dOCL$dAGL
=043  \\$an-us-ak
=049  \\$aAGLL
=050  \0$aSD11$b.A45612 PNW-75
=070  \\$aA99.9$bF7625U no. 75
=072  \0$a4500
=086  0\$aA 13.79:PNW-75
=100  1\$aHarris, A. S.$0http://id.loc.gov/authorities/names/n84177588
=245  10$aSmall mammals and natural reforestation in southeast Alaska /$cby A.S. Harris.
=260  \\$aPortland, Or. :$bPacific Northwest Forest and Range Experiment Station, U.S. Dept. of Agriculture,$c[1968]
=300  \\$a7 pages :$billustrations ;$c28 cm.
=336  \\$atext$btxt$2rdacontent
=337  \\$aunmediated$bn$2rdamedia
=338  \\$avolume$bnc$2rdacarrier
=490  1\$aU.S. Forest Service research note PNW ;$v75
=504  \\$aIncludes bibliographical references.
=591  \\$bNAL Reclamation
=593  \\$fAgricola CAT
=650  \0$aReforestation$zAlaska, Southeast.
=650  \0$aMammals$zAlaska, Southeast.
=650  \3$aPicea sitchensis.
=650  \3$aTsuga heterophylla.
=650  \3$aafforestation.
=650  \3$anatural regeneration.
=650  \3$amammals.
=651  \3$aAlaska.
=651  \7$aSoutheast Alaska.$2fast$0(OCoLC)fst01692689
=655  \3$aInternet resource.
=710  2\$aPacific Northwest Forest and Range Experiment Station (Portland, Or.)$0http://id.loc.gov/authorities/names/n80126131
=830  \0$aU.S. Forest Service research note PNW ;$v75.
=856  41$uhttps://archive.org/details/smallmammalsnatu75harr
=912  \\$analcatalog
=930  \\$a20140506$b00000000$c00000000
=945  \\$aDigiMet
=945  \\$p12
=946  \\$aUSDA
=959  \\$c2014-05-06$earojas$gap
=994  \\$a92$bAGL

