=LDR  02437cam a2200529Ia 4500
=001  9915454330007426
=005  20240624192049.0
=008  920620s1927\\\\dcu\\\\\\\\\\f000\0\eng\\
=010  \\$a   44027963 
=016  7\$aCAT10505595$2DNAL
=019  \\$a37844703
=035  \\$a413178
=035  \\$a(OCoLC)04942270$z(OCoLC)37844703
=035  \\$a(DNAL)413178-naldb-Voyager
=035  \\$z(OCoLC)37844703
=040  \\$aDLC$beng$cIWU$dOCL$dNUI$dCUS$dAGL$dNGU$dOCLCQ$dAFU$dOCLCO$dOCLCF$dEEM$dUOK$dPAU$dOCLCQ$dTJC$dOCLCQ$dOCLCO$dOCLCA$dOCLCQ
=049  \\$aRQIA
=050  00$aTX715$b.U68 1927
=070  0\$a1$bIn32A [Ed. 3]
=072  \0$aU600
=086  0\$aA 42.2:R 24
=110  1\$aUnited States.$bBureau of Home Economics.$0http://id.loc.gov/authorities/names/no92005258
=245  10$aAunt Sammy's radio recipes /$cdeveloped by the Bureau of Home Economics, U.S. Department of Agriculture.
=246  30$aRadio recipes
=260  \\$aWashington D.C. :$bU.S. Government Printing Office,$c1927.
=300  \\$a86 pages ;$c24 cm
=336  \\$atext$btxt$2rdacontent
=337  \\$aunmediated$bn$2rdamedia
=338  \\$avolume$bnc$2rdacarrier
=505  0\$aMenus -- Soups -- Fruits -- Vegetable dishes -- Egg and cheese dishes -- Meats -- Fish and shellfish -- Poultry -- Salads and salad dressings -- Muffins and other quick breads -- Puddings and frozen desserts -- Sauces -- Pies and other pastries -- Cakes, cookies, and cake frostings -- Confections -- Preserves, jams, and relishes -- Sandwiches.
=591  \\$bNAL Reclamation
=593  \\$fAgricola CAT
=650  \0$aCooking, American.$0http://id.loc.gov/authorities/subjects/sh85031773
=650  \2$aCooking.
=655  \3$aInternet resource.
=655  \7$aCookbooks.$2fast$0(OCoLC)fst01752725
=655  \7$aCookbooks.$2lcgft$0http://id.loc.gov/authorities/genreForms/gf2011026169
=655  \7$aCookbooks$y1920-1929.$2rbgenr
=710  1\$aUnited States.$bDepartment of Agriculture.$bRadio Service.$0http://id.loc.gov/authorities/names/no2001063588
=776  08$iOnline version:$aUnited States. Bureau of Home Economics.$tAunt Sammy's radio recipes.$dWashington : U.S. G.P.O., 1927$w(OCoLC)983749984
=856  41$uhttps://archive.org/details/auntsammysradior1927unit
=912  \\$analcatalog
=930  \\$a20140812$b20140905$c00000000
=939  \\$a20100630$b20100703$c00000000
=945  \\$aDigiMet
=945  \\$p96
=946  \\$aOther US
=959  \\$c2013-04-02$essouder$gap
=994  \\$a92$bAGL

