=LDR  01965cam a2200493 a 4500
=001  9915456363107426
=005  20240620155651.0
=008  010331s1946\\\\dcuab\\\\\\\\f000\0\eng\\
=016  7\$aCAT11098312$2DNAL
=035  \\$a868043
=035  \\$a(OCoLC)46486672
=035  \\$a(DNAL)868043-naldb-Voyager
=040  \\$aAGL$beng$cAGL$dOCLCQ$dOCLCG$dNUI$dOCLCF$dOCLCQ$dOKS$dOCLCQ$dAGL
=043  \\$an-us---
=049  \\$aAGLL
=050  \0$aS560$b.U5
=070  0\$aaSB83$b.I22 1946
=072  \0$aF100
=072  \0$aJ500
=086  0\$aA 36.118:52
=100  1\$aIbach, D. B.$q(Donald Bryan),$d1900-$0http://id.loc.gov/authorities/names/n90648914
=245  10$aCropland use and soil fertility practice in war and peace /$cby Donald B. Ibach.
=260  \\$aWashington, D.C. :$bU.S. Dept. of Agriculture, Bureau of Agricultural Economics,$c[1946]
=300  \\$a58 pages :$billustrations, maps ;$c27 cm
=336  \\$atext$btxt$2rdacontent
=337  \\$aunmediated$bn$2rdamedia
=338  \\$avolume$bnc$2rdacarrier
=490  1\$aF.M. ;$v52
=591  \\$bNAL Reclamation
=593  \\$fAgricola CAT
=650  \0$aAgronomy$zUnited States.
=651  \7$aUnited States.$2fast$0(OCoLC)fst01204155
=655  \3$aInternet resource.
=710  1\$aUnited States.$bBureau of Agricultural Economics.$0http://id.loc.gov/authorities/names/n80060900
=776  08$iOnline version:$aIbach, D.B. (Donald Bryan), 1900-$tCropland use and soil fertility practice in war and peace.$dWashington, D.C. : U.S. Dept. of Agriculture, Bureau of Agricultural Economics, [1946]$w(OCoLC)1086575528
=830  \0$aFM (United States. Bureau of Agricultural Economics) ;$v52.
=856  41$uhttps://archive.org/details/croplandusesoilf52ibac
=912  \\$analcatalog
=930  \\$a20140812$b20140905$c00000000
=939  \\$a20130213$b20130304$c00000000
=939  \\$a20010501$b20010507$c00000000
=945  \\$dARS$e2001/03/20$fJR$g2001/03/31
=945  \\$p66
=945  \\$aDigiMet
=946  \\$aUSDA
=994  \\$a92$bAGL

