=LDR  02056cas a2200517Ia 4500
=001  9915456409407426
=005  20240624193258.0
=008  010417d19uu1935xxumr\p\\\\\\f0\\\a0eng\d
=016  7\$aCAT11099090$2DNAL
=035  \\$a868347
=035  \\$a(OCoLC)490803054
=035  \\$a(DNAL)868347-naldb-Voyager
=040  \\$aEYM$beng$cEYM$dOCLCQ$dAGL$dOCLCA$dOCLCF$dOCLCQ
=043  \\$an-usc--$an-us---
=049  \\$aAGLL
=070  0\$aA99.9$bF767
=130  0\$aBulletin (United States. Forest Service. North Central Region)
=245  14$aThe bulletin /$cRegion 9, North Central States Region.
=260  \\$a[Place of publication not identified] :$bNorth Central States Region
=300  \\$avolumes :$billustrations, maps ;$c28 cm
=310  \\$aMonthly
=336  \\$atext$btxt$2rdacontent
=337  \\$aunmediated$bn$2rdamedia
=338  \\$avolume$bnc$2rdacarrier
=588  0\$aVol. 6, no. 6 (June 1934).
=588  1\$aVol. 7, no. 4 (June 1935).
=591  \\$bNAL Reclamation
=593  \\$fAgricola CAT
=610  10$aUnited States.$bForest Service.$bNorth Central Region$0http://id.loc.gov/authorities/names/no2012019488
=610  20$aCivilian Conservation Corps (U.S.)
=610  27$aCivilian Conservation Corps (U.S.)$2fast$0(OCoLC)fst00536299
=610  17$aUnited States.$bForest Service.$bNorth Central Region$2fast$0(OCoLC)fst01936721
=650  \0$aForest reserves$zMiddle West$vPeriodicals.
=650  \0$aNational parks and reserves$zMiddle West$vPeriodicals.
=651  \7$aMiddle West.$2fast$0(OCoLC)fst01240052
=655  \3$aInternet resource.
=655  \7$aPeriodicals.$2fast$0(OCoLC)fst01411641
=710  1\$aUnited States.$bForest Service.$bNorth Central Region.$0http://id.loc.gov/authorities/names/no2012019488
=785  00$tR-9 bulletin$w(OCoLC)176915710
=856  41$uhttps://archive.org/details/usda-usfseasternregion
=912  \\$analcatalog
=930  \\$a20140702$b20140807$c00000000
=939  \\$a20131219$b20140103$c00000000
=945  \\$aDigiMet
=945  \\$vpt. 1
=945  \\$p56
=945  \\$aDigiMet
=945  \\$vpt. 2
=945  \\$p54
=945  \\$aDigiMet
=945  \\$vpt. 3
=945  \\$p50
=945  \\$aDigiMet
=945  \\$vpt. 4
=945  \\$p84
=946  \\$aUSDA
=959  \\$c2013-12-19$ergallett$gupgrade
=994  \\$a92$bAGL

