=LDR  02099cam a2200529Ia 4500
=001  9915456495807426
=005  20240620155730.0
=008  010330s2001\\\\pauab\\\\s\\\f000\0\eng\\
=010  \\$a  2001337961$z  2001337125
=016  7\$aCAT11098265$2DNAL
=035  \\$a868023
=035  \\$a(OCoLC)46595323
=035  \\$a(DNAL)868023-naldb-Voyager
=040  \\$aAGL$beng$cAGL$dDLC$dBUF$dOCLCF$dOCLCQ$dOCLCO$dOCLCA$dLHU$dAGL
=043  \\$an-us-me
=049  \\$aAGLL
=050  00$aSD544$b.H43 2001
=070  0\$aA99.9$bF7622Uf no. 150
=072  \0$aK250
=086  0\$aA 13.80:NE-150
=100  1\$aHeath, Linda S.
=245  10$aDown dead wood statistics for Maine timberlands, 1995 /$cLinda S. Heath, David C. Chojnacky.
=260  \\$aNewtown Square, PA :$bUSDA Forest Service,$c[2001]
=300  \\$a80 pages :$billustrations, map ;$c28 cm.
=336  \\$atext$btxt$2rdacontent
=337  \\$aunmediated$bn$2rdamedia
=338  \\$avolume$bnc$2rdacarrier
=490  1\$aResource bulletin NE ;$v150
=530  \\$aLibrary also holds microfiche, Washington, DC : Supt. of Docs., U.S. G.P.O., 2003 . 2 microfiches ; negative (NAL call no.: S-133 (A 13.80:NE-150)
=591  \\$bNAL Reclamation
=593  \\$fAgricola CAT
=650  \0$aDead trees$zMaine$vStatistics.
=651  \7$aMaine.$2fast$0(OCoLC)fst01204270
=655  \3$aInternet resource.
=655  \7$aStatistics.$2fast$0(OCoLC)fst01423727
=700  1\$aChojnacky, David C.
=710  1\$aUnited States.$bForest Service.$bNortheastern Research Station.$0http://id.loc.gov/authorities/names/no98081992
=776  08$iOnline version:$aHeath, Linda S.$tDown dead wood statistics for Maine timberlands, 1995.$dNewtown Square, PA : USDA Forest Service, [2001]$w(OCoLC)624314972
=830  \0$aResource bulletin NE ;$v150.
=856  41$uhttps://archive.org/details/downdeadwoodstat150heat
=912  \\$analcatalog
=930  \\$a20140207$b20140307$c00000000
=939  \\$a20041101$b20041201$c00000000
=939  \\$a20010402$b20010411$c00000000
=945  \\$dSAM$e2001/03/19$fVS$g2001/03/30
=945  \\$p88
=945  \\$aDigiMet
=946  \\$aUSDA
=994  \\$a92$bAGL

