=LDR  02961cas a2200529M  4500
=001  9915456532207426
=005  20240624193306.0
=008  010417d194319uudcuuu\\\\\\\\f0\\\\0eng\d
=016  7\$aCAT11099157$2DNAL
=035  \\$a868414
=035  \\$a(OCoLC)1288971478
=035  \\$a(DNAL)868414-naldb-Voyager
=040  \\$aAGL$beng$cAGL
=049  \\$aRQIC
=070  0\$a1.9422$bA8C732
=110  1\$aUnited States.$bWar Food Administration.$bOffice of Distribution.
=245  10$aCS.
=246  1\$iCS stands for:$aCommodity statistics
=260  \\$a[Washington.
=300  \\$c29 cm.
=362  0\$a1-40. June 1943-1949.
=362  1\$aCeased.-Info. from issuing office 10/28/54.
=550  \\$aNo.7-12, Feb.-Dec.1944, issued by War food administration. Office of distribution. no.13, Apr.1945, issued by U.S. Office of marketing services. no.14-26, Sept.1945-Jan.1948 issued by U.S. Production and marketing administration. no.27- May 1948- issued by U.S. Bureau of Agricultural Economics.
=550  \\$aNo. 25, 31 and 39 issued by U.S. Production and Marketing Administration. Tobacco Branch.with title Annual report on tobacco statistics.
=550  \\$aU.S. Food distribution administration. Corn futures statistics. U.S. Food distribution administration. Cotton futures statistics (Earlier nos. 1.942 C22C822 U.S. Food distribution administration. Dairy and poultry market statistics (Earlier nos. 1.9 Ec724An) U.S. Food distribution administration. Cotton quality statistics. (Earlier nos.1.942 C22C82). U.S. Food distribution administration. Annual report on tobacco statistics (1.92 T2An7).
=550  \\$aU.S. Agricultural marketing administration. Commodity futures statistics. U.S. Food distribution administration. Livestock, meats and wool market statistics.
=591  \\$bNAL Reclamation
=593  \\$fAgricola CAT
=655  \3$aInternet resource.
=710  1\$aUnited States.$bDepartment of Agriculture.
=710  1\$aUnited States.$bOffice of Marketing Services.
=710  1\$aUnited States.$bDepartment of Agriculture.$bProduction and Marketing Administration.
=710  1\$aUnited States.$bBureau of Agricultural Economics.
=710  12$aUnited States.$bDepartment of Agriculture.$bProduction and Marketing Administration.$bTobacco Branch.$tAnnual report on tobacco statistics.
=710  12$aUnited States.$bAgricultural Marketing Administration.$tCommodity futures statistics.
=710  12$aUnited States.$bWar Food Administration.$tLivestock, meats and wool market statistics.
=740  02$aCorn futures statistics.
=740  02$aCotton futures statistics.
=740  02$aDairy and poultry market statistics.
=740  02$aCotton quality statistics.
=740  02$aAnnual report on tobacco statistics.
=856  41$uhttps://archive.org/details/usda-warfoodadministration
=912  \\$analcatalog
=930  \\$a20140702$b00000000$c00000000
=945  \\$aDigiMet
=945  \\$vpt. 1
=945  \\$p44
=945  \\$aDigiMet
=945  \\$vpt. 2
=945  \\$p34
=945  \\$aDigiMet
=945  \\$vpt. 3
=945  \\$p116
=945  \\$aDigiMet
=945  \\$vpt. 4
=945  \\$p56
=945  \\$aDigiMet
=945  \\$vpt. 5
=945  \\$p68
=945  \\$aDigiMet
=945  \\$vpt. 6
=945  \\$p94
=945  \\$aDigiMet
=945  \\$vpt. 7
=945  \\$p44
=945  \\$aDigiMet
=945  \\$vpt. 8
=945  \\$p118
=945  \\$aDigiMet
=945  \\$vpt. 9
=945  \\$p50
=945  \\$aDigiMet
=945  \\$vpt. 10
=945  \\$p70
=945  \\$aDigiMet
=945  \\$vpt. 11
=945  \\$p38
=945  \\$aDigiMet
=945  \\$vpt. 12
=945  \\$p106
=945  \\$aDigiMet
=945  \\$vpt. 13
=945  \\$p74
=945  \\$aDigiMet
=945  \\$vpt. 14
=945  \\$p94
=945  \\$aDigiMet
=945  \\$vpt. 15
=945  \\$p72
=945  \\$aDigiMet
=945  \\$vpt. 16
=945  \\$p110
=945  \\$aDigiMet
=945  \\$vpt. 17
=945  \\$p44
=945  \\$aDigiMet
=945  \\$vpt. 18
=945  \\$p80
=945  \\$aDigiMet
=945  \\$vpt. 19
=945  \\$p102
=945  \\$aDigiMet
=945  \\$vpt. 20
=945  \\$p70
=945  \\$aDigiMet
=945  \\$vpt. 21
=945  \\$p70
=945  \\$aDigiMet
=945  \\$vpt. 22
=945  \\$p66
=945  \\$aDigiMet
=945  \\$vpt. 23
=945  \\$p84
=945  \\$aDigiMet
=945  \\$vpt. 24
=945  \\$p104
=945  \\$aDigiMet
=945  \\$vpt. 25
=945  \\$p120
=945  \\$aDigiMet
=945  \\$vpt. 26
=945  \\$p72
=945  \\$aDigiMet
=945  \\$vpt. 27
=945  \\$p116
=945  \\$aDigiMet
=945  \\$vpt. 28
=945  \\$p96
=945  \\$aDigiMet
=945  \\$vpt. 29
=945  \\$p112
=945  \\$aDigiMet
=945  \\$vpt. 30
=945  \\$p92
=945  \\$aDigiMet
=945  \\$vpt. 31
=945  \\$p84
=945  \\$aDigiMet
=945  \\$vpt. 32
=945  \\$p48
=945  \\$aDigiMet
=945  \\$vpt. 33
=945  \\$p72
=945  \\$aDigiMet
=945  \\$vpt. 34
=945  \\$p56
=945  \\$aDigiMet
=945  \\$vpt. 35
=945  \\$p56
=945  \\$aDigiMet
=945  \\$vpt. 36
=945  \\$p108
=945  \\$aDigiMet
=945  \\$vpt. 37
=945  \\$p78
=945  \\$aDigiMet
=945  \\$vpt. 38
=945  \\$p102
=945  \\$aDigiMet
=945  \\$vpt. 39
=945  \\$p80
=945  \\$aDigiMet
=945  \\$vpt. 40
=945  \\$p42
=946  \\$aUSDA
=959  \\$c2013-04-02$essouder$gap
=994  \\$a92$bAGL

