=LDR  02035cam a2200529 a 4500
=001  9915456744007426
=005  20240624193306.0
=008  800401s1967\\\\oru\\\\\\b\\\f000\0\eng\d
=016  7\$aCAT10236679$2DNAL
=019  \\$a1039827800$a1230192292$a1231742646
=035  \\$a185724
=035  \\$a(OCoLC)58993174$z(OCoLC)1039827800$z(OCoLC)1230192292$z(OCoLC)1231742646
=035  \\$a(DNAL)185724-naldb-Voyager
=035  \\$z(OCoLC)1039827800$z(OCoLC)1230192292$z(OCoLC)1231742646
=040  \\$aORE$beng$cORE$dOCL$dMTG$dOCLCF$dOCLCO$dOCLCQ$dAGM$dWURST$dOCLCQ$dAGL
=043  \\$an-us-or
=049  \\$aAGLL
=050  \0$aSD143$b.U51 no.48
=070  \\$aA99.9$bF7625U no. 48
=072  \0$a8000
=086  0\$aA 13.79:PNW-48
=100  1\$aSchallau, Con H.$0http://id.loc.gov/authorities/names/n81026895
=245  13$aAn analysis of two logging road standards for BLM's Tillamook Project /$cby Con H. Schallau.
=260  \\$aPortland, Or. :$bPacific Northwest Forest and Range Experiment Station, U.S. Dept. of Agriculture,$c[1967]
=300  \\$a5 pages ;$c28 cm
=336  \\$atext$btxt$2rdacontent
=337  \\$aunmediated$bn$2rdamedia
=338  \\$avolume$bnc$2rdacarrier
=490  1\$aU.S. Forest Service research note PNW ;$v48
=504  \\$aIncludes bibliographical references.
=591  \\$bNAL Reclamation
=593  \\$fAgricola CAT
=650  \0$aForest roads$xEconomic aspects$zOregon$zTillamook County.
=650  \3$aForest roads.
=650  \3$aLogging.
=651  \3$aOregon
=651  \7$aOregon$zTillamook County.$2fast$0(OCoLC)fst01205853
=655  \3$aInternet resource.
=655  \4$aStandard
=710  2\$aPacific Northwest Forest and Range Experiment Station (Portland, Or.)$0http://id.loc.gov/authorities/names/n80126131
=830  \0$aU.S. Forest Service research note PNW ;$v48.
=856  41$uhttps://archive.org/details/analysisoftwolog48scha
=912  \\$analcatalog
=930  \\$a20140506$b00000000$c00000000
=945  \\$aDigiMet
=945  \\$p10
=946  \\$aUSDA
=959  \\$c2014-05-06$earojas$gap
=994  \\$a92$bAGL

