=LDR  02440cam a2200565Ia 4500
=001  9915456747507426
=005  20240620155805.0
=008  800401s1967\\\\utu\\\\\\b\\\f000\0\eng\d
=016  7\$aCAT10236623$2DNAL
=035  \\$a185616
=035  \\$a(OCoLC)32180228
=035  \\$a(DNAL)185616-naldb-Voyager
=040  \\$aSDB$beng$cSDB$dNUI$dOCLCQ$dOCLCF$dOCLCA$dOCLCQ$dOCLCA$dAGM$dOCLCA$dAGL
=043  \\$an-us-mt$an-us-id$an-us-wa
=049  \\$aAGLL
=070  \\$aA99.9$bF764Un no. 59
=072  \0$a4500
=086  0\$aA 13.79:INT-59
=100  1\$aRoe, Arthur L.$q(Arthur Lawrence),$d1909-2006.
=245  10$aProductivity indicators in western larch forests /$cArthur L. Roe.
=260  \\$aOgden, Utah :$bU.S. Dept. of Agriculture, Forest Service, Intermountain Forest & Range Experiment Station,$c1967.
=300  \\$a4 pages ;$c27 cm.
=336  \\$atext$btxt$2rdacontent
=337  \\$aunmediated$bn$2rdamedia
=338  \\$avolume$bnc$2rdacarrier
=490  1\$aU.S. Forest Service research note INT ;$v59
=504  \\$aIncludes bibliographical references.
=591  \\$bNAL Reclamation
=593  \\$fAgricola CAT
=650  \0$aSite index (Forestry)$0http://id.loc.gov/authorities/subjects/sh85123026
=650  \0$aHabitat (Ecology)$zMontana$vClassification.
=650  \0$aHabitat (Ecology)$zIdaho$vClassification.
=650  \0$aHabitat (Ecology)$zWashington (State)$vClassification.
=650  \0$aWestern larch.$0http://id.loc.gov/authorities/subjects/sh93000990
=650  \3$aLarix occidentalis.
=650  \3$aLand productivity.
=651  \7$aIdaho.$2fast$0(OCoLC)fst01211709
=651  \7$aMontana.$2fast$0(OCoLC)fst01207555
=651  \7$aWashington (State)$2fast$0(OCoLC)fst01204703
=655  \3$aInternet resource.
=655  \7$aClassification.$2fast$0(OCoLC)fst01697073
=710  2\$aIntermountain Forest and Range Experiment Station (Ogden, Utah)$0http://id.loc.gov/authorities/names/n79062786
=776  08$iOnline version:$aRoe, Arthur L.$tProductivity indicators in western larch forests.$dOgden, Utah : U.S. Dept. of Agriculture, Forest Service, Intermountain Forest & Range Experiment Station, 1967$w(OCoLC)630567017
=830  \0$aU.S. Forest Service research note INT ;$v59.
=856  41$uhttps://archive.org/details/productivityindi59roea
=912  \\$analcatalog
=930  \\$a20140603$b00000000$c00000000
=939  \\$a20080929$b20081011$c00000000
=945  \\$aDigiMet
=945  \\$p8
=946  \\$aUSDA
=994  \\$a92$bAGL

