=LDR  01300cam a2200421M  4500
=001  9915456758007426
=005  20240624193303.0
=008  800401s1967\\\\dcu\\\\\\\\\\\000\0\eng\d
=016  7\$aCAT10236566$2DNAL
=035  \\$a185504
=035  \\$a(OCoLC)1289126797
=035  \\$a(DNAL)185504-naldb-Voyager
=040  \\$aAGL$beng$cAGL
=049  \\$aAGLL
=070  \\$aA381$bR31Ab no. 38
=072  \0$a1500
=100  1\$aRalls, Jack W.
=245  10$aComposition and flavor modification of processed peas$c[by Jack W. Ralls and others.
=260  \\$aWashington]$bAgricultural Research Service, U.S. Dept. of Agriculture,$c1967.
=300  \\$a47 p.$billus.$c27 cm.
=490  1\$a[U.S. Agricultural Research Service] ARS 74-38
=504  \\$aBibliography: p. 35-37.
=591  \\$bNAL Reclamation
=593  \\$fAgricola CAT
=650  \0$aPeas$xCanning.
=650  \0$aPeas$xResearch.
=655  \3$aInternet resource.
=700  1\$aCarson, John F.
=700  1\$aSeifert, Richard M.
=700  1\$aBurr, Horace K.
=830  \0$aARS 74 ;$v38.
=856  41$uhttps://archive.org/details/compositionflavo7438rall
=912  \\$analcatalog
=930  \\$a20140116$b20140207$c00000000
=945  \\$aDigiMet
=945  \\$p52
=946  \\$aUSDA
=959  \\$c2014-01-16$earojas$gap
=959  \\$c2014-01-15$essouder$gurl
=994  \\$a92$bAGL

