=LDR  01972cam a2200469 a 4500
=001  9915456758707426
=005  20240624193305.0
=008  800401s1967\\\\utu\\\\\\b\\\f000\0\eng\d
=016  7\$aCAT10236504$2DNAL
=035  \\$a185379
=035  \\$a(OCoLC)401144631
=035  \\$a(DNAL)185379-naldb-Voyager
=040  \\$aMNU$beng$cMNU$dMTG$dNUI$dOCLCO$dOCLCA$dOCLCQ$dAGM$dOCLCQ$dAGL
=049  \\$aAGLL
=070  \\$aA99.9$bF764Un no. 58
=072  \0$a4500
=086  0\$aA 13.79:INT-58
=100  1\$aPfister, Robert D.$0http://id.loc.gov/authorities/names/n83024616
=245  10$aMaturity indices for grand fir cones /$cRobert D. Pfister.
=260  \\$aOgden, Utah :$bIntermountain Forest and Range Experiment Station, Forest Service, United States Department of Agriculture,$c1967.
=300  \\$a7 pages ;$c27 cm
=336  \\$atext$btxt$2rdacontent
=337  \\$aunmediated$bn$2rdamedia
=338  \\$avolume$bnc$2rdacarrier
=490  1\$aU.S. Forest Service research note INT ;$v58
=504  \\$aIncludes bibliographical references (pages 6-7).
=591  \\$bNAL Reclamation
=593  \\$fAgricola CAT
=650  \0$aAbies grandis$xSeeds.
=650  \3$aAbies grandis.
=650  \3$aseed cones.
=655  \3$aInternet resource.
=710  2\$aIntermountain Forest and Range Experiment Station (Ogden, Utah)$0http://id.loc.gov/authorities/names/n79062786
=710  1\$aUnited States.$bForest Service.$0http://id.loc.gov/authorities/names/n79054932
=776  08$iOnline version:$aPfister, Robert D.$tMaturity indices for grand fir cones.$dOgden, Utah : Intermountain Forest and Range Experiment Station, Forest Service, United States Department of Agriculture, 1967$w(OCoLC)905588100
=830  \0$aU.S. Forest Service research note INT ;$v58.
=856  41$uhttps://archive.org/details/maturityindicesf58pfis
=912  \\$analcatalog
=930  \\$a20140604$b00000000$c00000000
=945  \\$aDigiMet
=945  \\$p12
=946  \\$aUSDA
=959  \\$c2014-06-04$earojas$gap
=994  \\$a92$bAGL

