=LDR  01161cam a2200373M  4500
=001  9915456759307426
=005  20240624193304.0
=008  800401s1968\\\\xx\\\\\\\\\\\o000\0\eng\d
=016  7\$aCAT10248821$2DNAL
=035  \\$a185187
=035  \\$a(OCoLC)631127183
=035  \\$a(DNAL)185187-naldb-Voyager
=040  \\$aU3G$beng$cU3G$dOCLCO$dOCLCQ$dOCLCA
=049  \\$aAGLL
=070  \\$aA99.9$bF7622U no. 79
=072  \0$a4500
=110  2\$aNortheastern Forest Experiment Station (Radnor, Pa.)
=245  10$aApplying Site-Index Curves to Northern Hardwoods in New Hampshire.
=260  \\$c1968.
=300  \\$a5 pages.
=336  \\$atext$btxt$2rdacontent
=337  \\$aunmediated$bn$2rdamedia
=338  \\$avolume$bnc$2rdacarrier
=490  1\$aUSDA Forest Service Research Note Ne.$v79
=591  \\$bNAL Reclamation
=700  1\$aSolomon, D. S.
=830  \0$aUSDA Forest Service research note NE ;$v79.
=856  41$uhttps://archive.org/details/applyingsiteinde79solo
=912  \\$analcatalog
=930  \\$a20140116$b00000000$c00000000
=945  \\$aDigiMet
=945  \\$p14
=946  \\$aUSDA
=959  \\$c2014-01-15$essouder$gurl
=959  \\$c2014-01-16$earojas$gap
=994  \\$a92$bAGL

