=LDR  01856cam a2200505Ia 4500
=001  9915456770207426
=005  20240624193258.0
=008  800401s1967\\\\dcu\\\\\\b\\\f000\0\eng\d
=016  7\$aCAT10236576$2DNAL
=035  \\$a185524
=035  \\$a(OCoLC)70171179
=035  \\$a(DNAL)185524-naldb-Voyager
=040  \\$aIWA$beng$cIWA$dOCLCO$dOCLCQ$dOCLCA$dOCLCF$dAGL
=049  \\$aAGLL
=050  \0$aSB951$bR43x 1967
=070  0\$aA420$bR31 no. 122
=072  \0$a3500
=086  0\$aA 77.15:33-122
=100  1\$aRedfern, R. E.
=245  10$aPromising candidate insecticides and acaricides evaluated at Brownsville, Tex., July 1963 to July 1966 /$cby R.E. Redfern, R.L Walker, and Eluid Cantu.
=260  \\$a[Washington, D.C.?] :$bU.S. Dept. of Agriculture, Agricultural Research Service,$c1967.
=300  \\$a11 pages ;$c26 cm.
=336  \\$atext$btxt$2rdacontent
=337  \\$aunmediated$bn$2rdamedia
=338  \\$avolume$bnc$2rdacarrier
=490  1\$aARS ;$v33-122
=504  \\$aIncludes bibliographical references (page 3).
=530  \\$aAlso available online.
=591  \\$bNAL Reclamation
=593  \\$fAgricola CAT
=650  \0$aInsecticides$xToxicology.$0http://id.loc.gov/authorities/subjects/sh85066666
=650  \0$aInsect pests$xControl.$0http://id.loc.gov/authorities/subjects/sh85066647
=650  \0$aAcaricides$xToxicology.
=655  \3$aInternet resource.
=700  1\$aWalker, R. L.
=700  1\$aCantu, Eluid.
=710  1\$aUnited States.$bAgricultural Research Service.
=830  \0$aARS (Series) (United States. Agricultural Research Service) ;$v33-122.
=856  41$uhttps://archive.org/details/promisingcandida122redf
=912  \\$analcatalog
=930  \\$a20201009$b00000000$c00000000
=945  \\$aDigiMet
=945  \\$p16
=946  \\$aUSDA
=959  \\$c2013-10-22$essouder$gurl
=959  \\$c2020-10-09$ecbarone$gother
=994  \\$a92$bAGL

