=LDR  02149cam a2200517   4500
=001  9915456880307426
=005  20240624193321.0
=008  800401s1967\\\\dcu\\\\\\\\\\f000\0\eng\c
=010  \\$aagr67000294 
=016  7\$aCAT10236343$2DNAL
=035  \\$a185064
=035  \\$a(OCoLC)00590608
=035  \\$a(DNAL)185064-naldb-Voyager
=040  \\$aU.S. Nat'l Agr. Libr.$beng$cDLC$dBTCTA$dOCLCO$dOCLCA$dOCLCF$dNTE$dOCLCQ$dCOD$dOCL$dOKS$dOCLCA$dWURST$dAGL
=049  \\$aAGLL
=050  10$aTX1$b.U5 no. 33
=070  \\$aA321.9$bAg8 no. 33
=072  \0$a4000
=086  0\$aA 1.87:33
=100  1\$aMoyer, Elsie Z.$0http://id.loc.gov/authorities/names/no2002036011
=245  10$aBasic data on metabolic patterns in 7- to 10-year-old girls in selected Southern States,$cby Elsie Z. Moyer and M. Isabel Irwin.
=260  \\$aWashington,$bAgricultural Research Service, U.S. Dept. of Agriculture,$c1967.
=300  \\$aiv, 167 pages$c26 cm.
=336  \\$atext$btxt$2rdacontent
=337  \\$aunmediated$bn$2rdamedia
=338  \\$avolume$bnc$2rdacarrier
=490  1\$aUnited States. Dept. of Agriculture. Home economics research report$v33
=591  \\$bNAL Reclamation
=593  \\$fAgricola CAT
=650  \0$aChildren$zSouthern States.$0http://id.loc.gov/authorities/subjects/sh96000174
=650  \0$aChildren$xNutrition.$0http://id.loc.gov/authorities/subjects/sh85023463
=650  \0$aMetabolism.$0http://id.loc.gov/authorities/subjects/sh85084013
=650  \3$aMetabolism in infants.
=651  \7$aSouthern States$2fast$0(OCoLC)fst01244550
=655  \3$aInternet resource.
=700  1\$aIrwin, M. Isabel,$eauthor.$0http://id.loc.gov/authorities/names/n88681744
=710  1\$aUnited States.$bAgricultural Research Service.
=830  \0$aHome economics research report (United States. Department of Agriculture) ;$vno. 33.
=856  41$uhttps://archive.org/details/basicdataonmetab33moye
=912  \\$analcatalog
=930  \\$a20140411$b20140502$c00000000
=938  \\$aBaker and Taylor$bBTCP$nagr67000294
=939  \\$a20140126$b20140207$c00000000
=945  \\$aDigiMet
=945  \\$p180
=946  \\$aUSDA
=959  \\$c2014-01-26$edcollins$gap
=994  \\$a92$bAGL

