=LDR  01685cam a2200481Ma 4500
=001  9915456891807426
=005  20240624193318.0
=008  800401s1969\\\\mduab\\\\\\\\f000\0\eng\d
=016  7\$aCAT10248737$2DNAL
=035  \\$a185023
=035  \\$a(OCoLC)631084667
=035  \\$a(DNAL)185023-naldb-Voyager
=040  \\$aU3G$beng$cU3G$dOCLCO$dOCLCQ$dAGL$dOCLCO$dOCLCF$dOCLCQ$dOCLCA$dAGL
=043  \\$an-us-ok
=049  \\$aAGLL
=070  0\$aA56.9$bR31 no. 149
=072  \0$a8500
=100  1\$aShockey, Windell R.
=245  10$aPoint sampling of land use in the Washita Basin, Oklahoma /$c[Windell R. Shockey and Donn G. DeCoursey].
=260  \\$a[Beltsville Md.?] :$bAgricultural Research Service, U.S. Dept. of Agriculture,$c[1969]
=300  \\$a12 pages :$billustrations, maps ;$c26 cm.
=336  \\$atext$btxt$2rdacontent
=337  \\$aunmediated$bn$2rdamedia
=338  \\$avolume$bnc$2rdacarrier
=490  1\$aARS 41 ;$v149
=530  \\$aAlso available online.
=591  \\$bNAL Reclamation
=593  \\$fAgricola CAT
=650  \0$aLand use surveys$zOklahoma.
=651  \7$aOklahoma.$2fast$0(OCoLC)fst01205031
=655  \3$aInternet resource.
=700  1\$aDeCoursey, Donn G.$0http://id.loc.gov/authorities/names/n88121516
=710  1\$aUnited States.$bAgricultural Research Service.
=830  \0$aUSDA Ars. ;$v41-149.
=856  41$uhttps://archive.org/details/pointsamplingofl14shoc
=912  \\$analcatalog
=930  \\$a20201009$b00000000$c00000000
=939  \\$a20160210$b20160304$c00000000
=945  \\$aDigiMet
=945  \\$p18
=946  \\$aUSDA
=958  \\$be$c2016-02-08$dn$edfriedma
=959  \\$c2016-02-10$earojas$gap
=959  \\$c2020-10-09$ecbarone$gother
=994  \\$a92$bAGL

