=LDR  01518cam a2200433M  4500
=001  9915456893707426
=005  20240620161429.0
=008  800401s1966\\\\dcu\\\\\\\\\\\000\0\eng\d
=010  \\$aagr67000177 
=016  7\$aCAT10236752$2DNAL
=035  \\$a185866
=035  \\$a(OCoLC)317330903
=035  \\$a(DNAL)185866-naldb-Voyager
=040  \\$aIND$beng$cIND$dOCLCO$dOCLCQ$dOCLCO$dOCLCF$dAGL
=049  \\$aAGLL
=050  00$aSB19$b.A384 no. 85
=070  \\$aA64.9$bR31A no. 85
=072  \0$a7000
=100  1\$aSimons, M. D.$q(Marr Dixon),$d1925-$0http://id.loc.gov/authorities/names/n90617562
=245  12$aA standardized system of nomenclature for genes governing characters of oats.
=260  \\$aWashington]$bAgricultural Research Service, U.S. Dept. of Agriculture,$c1966.
=300  \\$a22 pages$c26 cm.
=336  \\$atext$btxt$2rdacontent
=337  \\$aunmediated$bn$2rdamedia
=338  \\$avolume$bnc$2rdacarrier
=490  1\$aUnited States. Agricultural Research Service ARS34-85
=591  \\$bNAL Reclamation
=593  \\$fAgricola CAT
=650  \0$aOats$xGenetics.$0http://id.loc.gov/authorities/subjects/sh85093609
=650  \0$aGenetics$vAbbreviations.
=655  \3$aInternet resource.
=700  1\$aZillinsky, F. J.,$eauthor.
=700  1\$aJensen, Neal Frederick,$d1915-$eauthor.
=830  \0$aARS-S ;$v34-85.
=856  41$uhttps://archive.org/details/standardizedsyst3485simo
=912  \\$analcatalog
=930  \\$a20140209$b20140307$c00000000
=945  \\$aDigiMet
=945  \\$p28
=946  \\$aUSDA
=994  \\$a92$bAGL

