=LDR  01008cam a2200337M  4500
=001  9915456919607426
=005  20240624193319.0
=008  800401s1966\\\\pr\\\\\\\\\\\\000\0\eng\d
=016  7\$aCAT10236413$2DNAL
=035  \\$a185202
=035  \\$a(OCoLC)1289089765
=035  \\$a(DNAL)185202-naldb-Voyager
=040  \\$aAGL$beng$cAGL
=049  \\$aAGLL
=070  \\$aA99.9$bF7637N no. 7
=072  \0$a4500
=100  1\$aNobles, R. W.
=245  10$aRoot pruning of mahogany nursery stock.
=260  \\$aRio Piedras, P. R.,$bInstitute of Tropical Forestry,$c1966.
=300  \\$a3 p.
=490  1\$aU.S. Forest Service research note ITF ;$vno. 7
=591  \\$bNAL Reclamation
=593  \\$fAgricola CAT
=655  \3$aInternet resource.
=830  \0$aU.S. Forest Service research note ITF ;$vno. 7.
=856  41$uhttps://archive.org/details/rootpruningofmah07nobl
=912  \\$analcatalog
=930  \\$a20140703$b00000000$c00000000
=945  \\$aDigiMet
=945  \\$p8
=946  \\$aUSDA
=959  \\$c2014-07-03$earojas$gap
=994  \\$a92$bAGL

