=LDR  02106cam a2200493   4500
=001  9915456929507426
=005  20240624193323.0
=008  800401s1968\\\\dcua\\\\\\\\\f000\0\eng\c
=010  \\$aagr68000318 
=016  7\$aCAT10249178$2DNAL
=035  \\$a185884
=035  \\$a(OCoLC)00009624
=035  \\$a(DNAL)185884-naldb-Voyager
=040  \\$aU.S. Nat'l Agr. Libr.$beng$cDLC$dSER$dIUL$dOCLCO$dOCLCA$dOCLCQ$dOCLCA$dOCLCF$dOKS$dOCLCA$dWURST$dAGL
=043  \\$an-us---
=049  \\$aAGLL
=050  00$aS21$b.A46 no. 1071 1968
=070  \\$a1$bAg84M no. 1071
=072  \0$a7500
=086  0\$aA 1.38:1071
=110  1\$aUnited States.$bDepartment of Agriculture.$bOffice of Personnel.
=245  10$aProfiles; careers in the U.S. Department of Agriculture.
=250  \\$a[Rev.
=260  \\$aWashington,$bFor sale by the Supt. of Docs., U.S. Govt. Print. Off.$c1968]
=300  \\$a1 volume (various pagings)$billustrations$c26 cm.
=336  \\$atext$btxt$2rdacontent
=337  \\$aunmediated$bn$2rdamedia
=338  \\$avolume$bnc$2rdacarrier
=490  1\$aUnited States. Dept. of Agriculture. Miscellaneous publication$v1071
=591  \\$bNAL Reclamation
=593  \\$fAgricola CAT
=610  10$aUnited States.$bDepartment of Agriculture$xOfficials and employees.
=610  13$aUnited States.$bDepartment of Agriculture$xOfficials and employees.
=610  17$aUnited States.$bDepartment of Agriculture$2fast$0(OCoLC)fst01852329
=655  \3$aInternet resource.
=740  0\$aCareers in the U.S. Department of Agriculture.
=776  08$iOnline version:$aUnited States. Department of Agriculture. Office of Personnel.$tProfiles; careers in the U.S. Department of Agriculture.$b[Rev.$dWashington, For sale by the Supt. of Docs., U.S. Govt. Print. Off. 1968]$w(OCoLC)744568793
=830  \0$aMiscellaneous publication (United States. Department of Agriculture) ;$vno. 1071.
=856  41$uhttps://archive.org/details/profilescareersi1071unit
=912  \\$analcatalog
=930  \\$a20140305$b00000000$c00000000
=945  \\$aDigiMet
=945  \\$p210
=946  \\$aUSDA
=959  \\$c2013-04-02$essouder$gap
=994  \\$a92$bAGL

