=LDR  01730cam a2200469   4500
=001  9915456961407426
=005  20240624193322.0
=008  800401s1967\\\\dcua\\\\\b\\\f000\0\eng\c
=010  \\$aagr68000022 
=016  7\$aCAT10238759$2DNAL
=035  \\$a190998
=035  \\$a(OCoLC)00009583
=035  \\$a(DNAL)190998-naldb-Voyager
=040  \\$aU.S. Nat'l Agr. Libr.$beng$cDLC$dOCLCQ$dIUL$dBTCTA$dPHA$dOCLCO$dOCLCQ$dOCLCF$dCOD$dOKS$dGZM$dAGL
=049  \\$aAGLL
=050  00$aS544$b.A37 no. 563
=070  \\$a1.9$bEx892Esc no. 563
=072  \0$a1000
=086  0\$aA 43.4:563
=100  1\$aBlock, William J.$q(William Joseph),$d1918-2015.$0http://id.loc.gov/authorities/names/no2003074090
=245  10$aRural zoning: people, property, and public policy$c[by William J. Block.
=260  \\$aWashington]$bU.S. Federal Extension Service$c[1967]
=300  \\$a32 pages$billustrations$c27 cm.
=336  \\$atext$btxt$2rdacontent
=337  \\$aunmediated$bn$2rdamedia
=338  \\$avolume$bnc$2rdacarrier
=490  1\$aESC ;$v563
=504  \\$aIncludes bibliographical references (page 32).
=591  \\$bNAL Reclamation
=593  \\$fAgricola CAT
=650  \0$aZoning.$0http://id.loc.gov/authorities/subjects/sh85149959
=650  \3$aPlanning, County$xZone system.
=655  \3$aInternet resource.
=710  1\$aUnited States.$bFederal Extension Service.$0http://id.loc.gov/authorities/names/n80120738
=830  \0$aExtension Service Circular ;$v563.
=856  41$uhttps://archive.org/details/ruralzoningpeopl56bloc
=912  \\$analcatalog
=930  \\$a20140306$b20140404$c00000000
=938  \\$aBaker and Taylor$bBTCP$nagr68000022
=945  \\$aDigiMet
=945  \\$p40
=946  \\$aUSDA
=959  \\$c2014-03-06$earojas$gap
=994  \\$a92$bAGL

