=LDR  01910cam a2200481Ia 4500
=001  9915456972407426
=005  20240624193319.0
=008  800401s1965\\\\dcu\\\\\\\\\\f000\0\eng\d
=010  \\$aagr66000027 
=016  7\$aCAT10226244$2DNAL
=035  \\$a190709
=035  \\$a(OCoLC)63622776
=035  \\$a(DNAL)190709-naldb-Voyager
=040  \\$aCOO$beng$cCOO$dCUV$dOCLCO$dOCLCQ$dOCLCF$dAGL
=043  \\$an-us---
=049  \\$aAGLL
=050  10$aS544$b.A24 no.94
=070  \\$aA31.3$bR31A no. 94
=072  \0$a2000
=086  0\$aA 77.15:22-94
=245  02$aA new turn in scrapie eradication /$c[information ... provided by the Animal Health Division and the Animal Disease and Parasite Research Division of the Agricultural Research Service].
=246  1\$iAt head of title:$aARS special report
=246  30$aScrapie eradication
=260  \\$a[Washington, D.C.] :$bAgricultural Research Service, U.S. Dept. of Agriculture,$c[1965]
=300  \\$aii, 5 pages ;$c27 cm.
=336  \\$atext$btxt$2rdacontent
=337  \\$aunmediated$bn$2rdamedia
=338  \\$avolume$bnc$2rdacarrier
=490  1\$aARS ;$v22-94
=591  \\$bNAL Reclamation
=593  \\$fAgricola CAT
=650  \0$aScrapie$xControl$zUnited States.
=651  \7$aUnited States.$2fast$0(OCoLC)fst01204155
=655  \3$aInternet resource.
=710  1\$aUnited States.$bAgricultural Research Service.$bAnimal Health Division.$0http://id.loc.gov/authorities/names/n79110454
=710  1\$aUnited States.$bAgricultural Research Service.$bAnimal Disease and Parasite Research Division.$0http://id.loc.gov/authorities/names/no2007108213
=830  \0$aARS (Series) (United States. Agricultural Research Service) ;$v22-94.
=856  41$uhttps://archive.org/details/newturninscrapie94unit
=912  \\$analcatalog
=930  \\$a20140306$b20140404$c00000000
=945  \\$aDigiMet
=945  \\$p16
=946  \\$aUSDA
=959  \\$c2014-03-06$earojas$gap
=994  \\$a92$bAGL

