=LDR  01778cam a2200457Ia 4500
=001  9915457094107426
=005  20240624193332.0
=008  800401s1965\\\\dcuab\\\\\\\\f000\0\eng\d
=016  7\$aCAT10226242$2DNAL
=035  \\$a190704
=035  \\$a(OCoLC)16127660
=035  \\$a(DNAL)190704-naldb-Voyager
=040  \\$aRQF$beng$cRQF$dIUL$dORU$dOCLCQ$dOCLCF$dOCLCO$dCOF$dOCLCA$dINT$dOCLCQ$dAGL
=043  \\$an-us---
=049  \\$aAGLL
=050  \0$aS625.7$b.S35 1965
=070  \\$a1$bAg84M no. 850 1965
=072  \0$a8000
=086  0\$aA 1.38:850
=086  0\$aA 1.38:850/1965
=086  0\$aA 1.38:850/2
=245  00$aScientific careers in soil and water conservation research.
=250  \\$aRev. Dec. 1965.
=260  \\$a[Washington, D.C.] :$bAgricultural Research Service, U.S. Dept. of Agriculture,$c1965.
=300  \\$a1 sheet :$billustrations, 1 map ;$c18 x 40 cm, folded to 18 x 11 cm
=336  \\$atext$btxt$2rdacontent
=337  \\$aunmediated$bn$2rdamedia
=338  \\$asheet$bnb$2rdacarrier
=490  1\$aMiscellaneous publication / United States Department of Agriculture ;$vno. 850
=591  \\$bNAL Reclamation
=593  \\$fAgricola CAT
=610  10$aUnited States.$bAgricultural Research Service.$bSoil and Water Conservation Research Division$xVocational guidance.
=610  17$aUnited States.$bAgricultural Research Service.$bSoil and Water Conservation Research Division$2fast$0(OCoLC)fst00578269
=655  \3$aInternet resource.
=830  \0$aMiscellaneous publication (United States. Department of Agriculture) ;$vno. 850.
=856  41$uhttps://archive.org/details/scientificcareer850unit
=912  \\$analcatalog
=930  \\$a20140305$b00000000$c00000000
=945  \\$aDigiMet
=945  \\$p16
=946  \\$aUSDA
=959  \\$c2013-06-27$ejgilbert$glf
=994  \\$a92$bAGL

