=LDR  02123cam a22005051  4500
=001  9915457096107426
=005  20240624193322.0
=008  800401s1967\\\\utuab\\\\b\\\\000\0\eng\\
=010  \\$a   68060146 
=016  7\$aCAT10238554$2DNAL
=035  \\$a190404
=035  \\$a(OCoLC)00452503
=035  \\$a(DNAL)190404-naldb-Voyager
=040  \\$aDLC$beng$cDLC$dIUL$dOCLCO$dOCLCF$dOCLCQ$dCOD$dOCLCA$dOCL$dVA@$dWURST$dOCLCQ$dAGL
=043  \\$anr-----
=049  \\$aAGLL
=050  00$aSD11$b.A455454 no. 7
=070  \\$aA99.9$bF764Ub no. 7
=072  \0$a4500
=086  0\$aA 13.80:INT-7
=100  1\$aWilson, Alvin K.$0http://id.loc.gov/authorities/names/n90694570
=245  10$aTimber resources and industries in the Rocky Mountain States$c[by] Alvin K. Wilson and John S. Spencer, Jr.
=260  \\$aOgden, Utah,$bIntermountain Forest and Range Experiment Station,$c1967.
=300  \\$aiii, 63 pages$billustrations, maps (some folded color)$c27 cm
=336  \\$atext$btxt$2rdacontent
=337  \\$aunmediated$bn$2rdamedia
=338  \\$avolume$bnc$2rdacarrier
=490  1\$aU.S. Forest Service resource bulletin INT-7
=504  \\$aIncludes bibliographical references (pages 50-56).
=591  \\$bNAL Reclamation
=593  \\$fAgricola CAT
=650  \0$aTimber$zPacific and Mountain States.
=650  \0$aForest products industry$zPacific and Mountain States.
=651  \7$aUnited States$zPacific and Mountain States.$2fast$0(OCoLC)fst01891436
=655  \3$aInternet resource.
=700  1\$aSpencer, John S.,$eauthor.$0http://id.loc.gov/authorities/names/n50021274
=710  1\$aUnited States.$bDepartment of Agriculture.
=776  08$iOnline version:$aWilson, Alvin K.$tTimber resources and industries in the Rocky Mountain States.$dOgden, Utah, Intermountain Forest and Range Experiment Station, 1967$w(OCoLC)624318508
=830  \0$aU.S. Forest Service resource bulletin INT ;$v7.
=856  41$uhttps://archive.org/details/timberresourcesi07wils
=912  \\$analcatalog
=930  \\$a20140603$b00000000$c00000000
=945  \\$aDigiMet
=945  \\$p82
=946  \\$aUSDA
=959  \\$c2013-02-28$edcollins$gap
=994  \\$a92$bAGL

