=LDR  01324cam a2200397Ma 4500
=001  9915457106707426
=005  20240624193326.0
=008  800401s1965\\\\dcu\\\\\\\\\\\000\0\eng\\
=016  7\$aCAT10226261$2DNAL
=035  \\$a190758
=035  \\$a(OCoLC)757690493
=035  \\$a(DNAL)190758-naldb-Voyager
=040  \\$aAU@$beng$cAU@$dOCLCF$dOCLCO$dOCLCQ$dAGL
=043  \\$an-us---
=049  \\$aAGLL
=070  \\$a1$bM34S no. 188
=072  \0$a1500
=110  1\$aUnited States.$bConsumer and Marketing Service.$bMeat Inspection Division.$0http://id.loc.gov/authorities/names/n81004235
=245  10$aRegulations governing the meat inspection of the United States Department of Agriculture.
=250  \\$aRev. [ed.].
=260  \\$aWashington (D.C.) :$bGovt. Pr. Off.,$c1965.
=300  \\$a[iii], 243 pages
=336  \\$atext$btxt$2rdacontent
=337  \\$aunmediated$bn$2rdamedia
=338  \\$avolume$bnc$2rdacarrier
=591  \\$bNAL Reclamation
=593  \\$fAgricola CAT
=650  \0$aMeat inspection$zUnited States.
=651  \7$aUnited States.$2fast$0(OCoLC)fst01204155
=655  \3$aInternet resource.
=856  41$uhttps://archive.org/details/CAT10226261
=912  \\$analcatalog
=930  \\$a20160601$b20160603$c00000000
=945  \\$aDigiMet
=945  \\$p256
=946  \\$aOther US
=959  \\$c2013-04-02$essouder$gap
=994  \\$a92$bAGL

