=LDR  01094cam a2200337M  4500
=001  9915457110207426
=005  20240624193320.0
=008  800401n19679999ilu\\\\\\\\\\\000\0\eng\d
=016  7\$aCAT10238417$2DNAL
=035  \\$a190007
=035  \\$a(OCoLC)1289000926
=035  \\$a(DNAL)190007-naldb-Voyager
=040  \\$aAGL$beng$cAGL
=049  \\$aAGLL
=070  \\$aA381$bR31Ac no. 24-5 etc.
=072  \0$a1500
=110  1\$aUnited States.$bAgricultural Research Service.$bNorthern Utilization Research and Development Division.
=245  10$aProcessing oilseeds, oil, and meal; a list of publications and patents.
=260  \\$aPeoria, Ill.,$c1967-
=490  1\$aU.S. Agricultural Research Service. ARS-71-24-5
=591  \\$bNAL Reclamation
=593  \\$fAgricola CAT
=650  \0$aOils and fats$xBibliography.
=655  \3$aInternet resource.
=830  \0$aARS 71 ;$v24-5.
=856  41$uhttps://archive.org/details/processingoilsee7124unit_4
=912  \\$analcatalog
=930  \\$a20140414$b20140502$c00000000
=945  \\$aDigiMet
=945  \\$p6
=946  \\$aUSDA
=959  \\$c2014-04-14$earojas$gap
=994  \\$a92$bAGL

