=LDR  01164cam a2200349M  4500
=001  9915457127707426
=005  20240624193327.0
=008  800401n19679999ilu\\\\\\\\\\\000\0\eng\d
=016  7\$aCAT10238416$2DNAL
=035  \\$a190004
=035  \\$a(OCoLC)1289078677
=035  \\$a(DNAL)190004-naldb-Voyager
=040  \\$aAGL$beng$cAGL
=049  \\$aAGLL
=070  \\$aA381$bR31Ac no. 26-5 etc.
=072  \0$a7000
=110  1\$aUnited States.$bAgricultural Research Service.$bNorthern Utilization Research and Development Division.
=245  10$aEdible soybean protein products; a list of publications and patents.
=260  \\$aPeoria, Ill.,$c1967-
=490  1\$aU.S. Agricultural Research Service. ARS-71-26-
=591  \\$bNAL Reclamation
=593  \\$fAgricola CAT
=650  \0$aSoybean$xProtein content$xBibliography.
=650  \0$aSoybean$xProtein content$xPatents$xBibliography.
=655  \3$aInternet resource.
=830  \0$aARS 71 ;$v26-
=856  41$uhttps://archive.org/details/ediblesoybeanpro7126unit_4
=912  \\$analcatalog
=930  \\$a20140414$b20140502$c00000000
=945  \\$aDigiMet
=945  \\$p8
=946  \\$aUSDA
=959  \\$c2014-04-14$earojas$gap
=994  \\$a92$bAGL

