=LDR  01722cam a2200421Ia 4500
=001  9915457131407426
=005  20240620161154.0
=008  800401s1968\\\\utua\\\\\\\\\f000\0\eng\d
=016  7\$aCAT10250901$2DNAL
=035  \\$a190202
=035  \\$a(OCoLC)32150164
=035  \\$a(DNAL)190202-naldb-Voyager
=040  \\$aSDB$beng$cSDB$dNUI$dOCLCQ$dOCLCF$dOCLCQ$dSEA$dAGL
=049  \\$aAGLL
=070  \\$aA99.9$bF764Un no. 82
=072  \0$a3000
=086  0\$aA 13.79:INT-82
=100  1\$aSchmidt, Ron E.
=245  10$aDevelopment of a torsional dynamometer /$cRon E. Schmidt and Richard Herbert.
=260  \\$aOgden, Utah :$bU.S. Dept. of Agriculture, Forest Service, Intermountain Forest & Range Experiment Station,$c1968.
=300  \\$a11 pages :$billustrations ;$c27 cm.
=336  \\$atext$btxt$2rdacontent
=337  \\$aunmediated$bn$2rdamedia
=338  \\$avolume$bnc$2rdacarrier
=490  1\$aU.S.D.A. Forest Service research note INT ;$v82
=591  \\$bNAL Reclamation
=593  \\$fAgricola CAT
=650  \0$aTorquemeters$xDesign and construction.
=655  \3$aInternet resource.
=700  1\$aHerbert, R. B.$q(Richard B.)
=710  2\$aIntermountain Forest and Range Experiment Station (Ogden, Utah)$0http://id.loc.gov/authorities/names/n79062786
=776  08$iOnline version:$aSchmidt, Ron E.$tDevelopment of a torsional dynamometer.$dOgden, Utah : U.S. Dept. of Agriculture, Forest Service, Intermountain Forest & Range Experiment Station, 1968$w(OCoLC)621533259
=830  \0$aUSDA Forest Service research note INT ;$v82.
=856  41$uhttps://archive.org/details/developmentoftor82schm
=912  \\$analcatalog
=930  \\$a20140604$b00000000$c00000000
=945  \\$aDigiMet
=945  \\$p16
=946  \\$aUSDA
=994  \\$a92$bAGL

