=LDR  01100cam a2200349M  4500
=001  9915458257907426
=005  20240624194400.0
=008  800401s1969\\\\dcu\\\\\\\\\\\000\0\eng\d
=016  7\$aCAT10251252$2DNAL
=035  \\$a191228
=035  \\$a(OCoLC)1289059685
=035  \\$a(DNAL)191228-naldb-Voyager
=040  \\$aAGL$beng$cAGL
=049  \\$aAGLL
=070  \\$aA280.39$bR31A no. 27
=072  \0$a1500
=100  1\$aWorthington, John T.$q(John Thomas),$d1924-
=245  12$aA comparison of the keeping quality of Jonathan and of Red Delicious apples stored in field boxes or prepackaged in film bags.
=260  \\$a[Washington]$c1969.
=300  \\$a16 p.$billus.
=490  1\$aU.S. Agricultural Research Service. ARS 51-27
=504  \\$aBibliography: p. 15-16.
=591  \\$bNAL Reclamation
=593  \\$fAgricola CAT
=655  \3$aInternet resource.
=830  \0$aARS 51 ;$v27.
=856  41$uhttps://archive.org/details/comparisonofkeep27wort
=912  \\$analcatalog
=930  \\$a20140306$b00000000$c00000000
=945  \\$aDigiMet
=945  \\$p24
=946  \\$aUSDA
=959  \\$c2014-03-06$earojas$gap
=994  \\$a92$bAGL

