=LDR  01107cam a2200325I  4500
=001  9915458271807426
=005  20240624194404.0
=008  800401\\\\\\\\\oru\\\\\\\\\\\000\\\eng\d
=016  7\$aCAT10251405$2DNAL
=035  \\$90251-40560
=035  \\$a191670
=035  \\$a(DNAL)191670-naldb-Voyager
=040  \\$aAGL$dAGL
=049  \\$aAGLL
=070  \\$aA99.9$bF7625U no. 100
=072  \0$a4500
=100  10$aBarrett, James W.
=245  00$aCrop-tree thinning of ponderosa pine in the Pacific Northwest.
=260  00$a[Portland, Or.,$c1969.
=300  \\$a13 p.$billus.
=490  1\$aU.S. Pacific Northwest Forest and Range Experiment Station. U.S.D.A. Forest Service research note PNW-100
=500  \\$aIssued Apr. 1969.
=593  \\$fAgricola CAT
=655  \3$aInternet resource
=810  \\$aPacific Northwest Forest and Range Experiment Station (Portland, Or.).$tU.S.D.A. Forest Service research note.$vPNW-100.
=856  41$uhttps://archive.org/details/croptreethinning100barr
=912  \\$analcatalog
=930  \\$a20140506$b00000000$c00000000
=945  \\$aDigiMet
=945  \\$p18
=946  \\$aUSDA
=959  \\$c2014-05-06$earojas$gap

