=LDR  01743cam a2200469I  4500
=001  9915458337607426
=005  20240624194401.0
=008  800401s1966\\\\dcuab\\\\\\\\f000\0\eng\c
=010  \\$aagr66000138 
=016  7\$aCAT10226588$2DNAL
=035  \\$a191711
=035  \\$a(OCoLC)13210256
=035  \\$a(DNAL)191711-naldb-Voyager
=040  \\$aU.S. Nat'l Agr. Libr.$beng$cDRB$dDRB$dOCL$dOCLCQ$dIUL$dOCLCQ$dOCLCG$dNUI$dOCLCF$dOCLCA$dOCLCQ$dOCLCA$dNOC$dAGL
=043  \\$ae-gr---
=049  \\$aAGLL
=050  \0$aS21$b.F6 no.129
=070  \\$a1.943$bF763 no. 129
=072  \0$a1500
=086  0\$aA 67.16:129
=100  1\$aBurke, J. Henry$q(Joseph Henry),$d1908-$0http://id.loc.gov/authorities/names/no93034639
=245  10$aCitrus industry of Greece /$c[by J. Henry Burke.
=260  \\$aWashington, D.C. :$bForeign Agricultural Service, Dept. of Agriculture,$c1966.
=300  \\$a37 pages :$billustrations, map ;$c24 cm.
=336  \\$atext$btxt$2rdacontent
=337  \\$aunmediated$bn$2rdamedia
=338  \\$avolume$bnc$2rdacarrier
=490  1\$aUnited States. Foreign Agricultural Service. Foreign agriculture report,$vno. 129
=591  \\$bNAL Reclamation
=593  \\$fAgricola CAT
=650  \0$aCitrus fruits$zGreece.
=651  \7$aGreece.$2fast$0(OCoLC)fst01208380
=655  \3$aInternet resource.
=710  1\$aUnited States.$bForeign Agricultural Service.$0http://id.loc.gov/authorities/names/n80126196
=830  \0$aForeign agriculture report ;$vno. 129.
=856  41$uhttps://archive.org/details/citrusindustryof129burk
=912  \\$analcatalog
=930  \\$a20140505$b20140606$c00000000
=939  \\$a20130606$b20130705$c00000000
=945  \\$aDigiMet
=945  \\$p46
=946  \\$aUSDA
=959  \\$c2013-06-06$edcollins$gap
=994  \\$a92$bAGL

