=LDR  01900cam a2200445 a 4500
=001  9915458341007426
=005  20240620133132.0
=008  800401s1965\\\\utua\\\\\b\\\f000\0\eng\d
=016  7\$aCAT10226565$2DNAL
=035  \\$a191644
=035  \\$a(OCoLC)401144672
=035  \\$a(DNAL)191644-naldb-Voyager
=040  \\$aMNU$beng$cMNU$dMTG$dOCLCF$dOCLCQ$dAGM$dOCLCQ$dAGL
=049  \\$aAGLL
=070  \\$aA99.9$bF764Un no. 40
=072  \0$a3000
=086  0\$aA 13.79:INT-40
=100  1\$aBreuer, Erwin H.
=245  12$aA strain gage differential weighing system /$cErwin H. Breuer.
=260  \\$aOgden, Utah :$bIntermountain Forest and Range Experiment Station, Forest Service, United States Department of Agriculture,$c1965.
=300  \\$a8 pages :$billustrations ;$c27 cm
=336  \\$atext$btxt$2rdacontent
=337  \\$aunmediated$bn$2rdamedia
=338  \\$avolume$bnc$2rdacarrier
=490  1\$aU.S. Forest Service research note INT ;$v40
=504  \\$aIncludes bibliographical references.
=591  \\$bNAL Reclamation
=593  \\$fAgricola CAT
=650  \0$aStrain gages.$0http://id.loc.gov/authorities/subjects/sh85128454
=650  \3$ainstrumentation.
=655  \3$aInternet resource.
=710  2\$aIntermountain Forest and Range Experiment Station (Ogden, Utah)$0http://id.loc.gov/authorities/names/n79062786
=710  1\$aUnited States.$bForest Service.$0http://id.loc.gov/authorities/names/n79054932
=776  08$iOnline version:$aBreuer, Erwin H.$tStrain gage differential weighing system.$dOgden, Utah : Intermountain Forest and Range Experiment Station, Forest Service, United States Department of Agriculture, 1965$w(OCoLC)905588292
=830  \0$aU.S. Forest Service research note INT ;$v40.
=856  41$uhttps://archive.org/details/straingagediffer40breu
=912  \\$analcatalog
=930  \\$a20140604$b00000000$c00000000
=945  \\$aDigiMet
=945  \\$p12
=946  \\$aUSDA
=994  \\$a92$bAGL

