=LDR  02335cam a2200553I  4500
=001  9915458390107426
=005  20240624194359.0
=008  800401s1966\\\\dcua\\\\\b\\\f000\0\eng\c
=010  \\$aagr66000078 
=016  7\$aCAT10226650$2DNAL
=035  \\$a191892
=035  \\$a(OCoLC)11295536
=035  \\$a(DNAL)191892-naldb-Voyager
=040  \\$aU.S. Nat'l Agr. Libr.$beng$cFKS$dOCL$dOCLCQ$dOCLCG$dN8E$dOCLCA$dNMS$dOCLCF$dOCLCQ$dOCLCO$dRIU$dCOF$dOCLCQ$dAGL
=043  \\$an-us---
=049  \\$aAGLL
=070  0\$aA56.9$bR31 no. 114
=072  \0$a8500
=086  0\$aA 77.15: 41-114
=086  0\$aA 77.15:ARS-41-114
=100  1\$aClyma, Wayne,$d1935-$0http://id.loc.gov/authorities/names/no2008146024
=245  10$aWater resources in the High Plains of Texas and New Mexico$c[by Wayne Clyma and F.B. Lotspeich.
=260  \\$aWashington]$bAgricultural Research Service, U.S. Dept. of Agriculture,$c1966.
=300  \\$a14 pages$billustrations$c26 cm
=336  \\$atext$btxt$2rdacontent
=337  \\$aunmediated$bn$2rdamedia
=338  \\$avolume$bnc$2rdacarrier
=490  1\$aARS / U.S. Dept. of Agriculture. Agricultural Research Service ;$v41-114
=504  \\$aIncludes bibliographical references (pages 12-14).
=530  \\$aAlso available online.
=591  \\$bNAL Reclamation
=593  \\$fAgricola CAT
=650  \0$aWater-supply$zLlano Estacado.
=650  \0$aWater-supply$zHigh Plains (U.S.).
=651  \3$aHigh Plains$xWater-supply.
=651  \7$aUnited States$zHigh Plains.$2fast$0(OCoLC)fst01241976
=651  \7$aUnited States$zLlano Estacado.$2fast$0(OCoLC)fst01241529
=655  \3$aInternet resource.
=700  1\$aLotspeich, Frederick B.,$d1914-2005,$eauthor.$0http://id.loc.gov/authorities/names/n82005878
=776  08$iOnline version:$aClyma, Wayne, 1935-$tWater resources in the High Plains of Texas and New Mexico.$dWashington] Agricultural Research Service, U.S. Dept. of Agriculture, 1966$w(OCoLC)1042249742
=830  \0$aARS (Series) (United States. Agricultural Research Service) ;$v41-114.
=856  41$uhttps://archive.org/details/waterresourcesin11clym
=912  \\$analcatalog
=930  \\$a20201014$b00000000$c00000000
=945  \\$aDigiMet
=945  \\$p20
=946  \\$aUSDA
=959  \\$c2013-10-22$essouder$gurl
=959  \\$c2013-04-25$earojas$gap
=959  \\$c2020-10-14$ecbarone$gother
=994  \\$a92$bAGL

