=LDR  01263cam a2200373M  4500
=001  9915458508207426
=005  20240624194357.0
=008  800401s1967\\\\dcu\\\\\\\\\\\000\0\eng\d
=016  7\$aCAT10239003$2DNAL
=035  \\$a191710
=035  \\$a(OCoLC)1289032245
=035  \\$a(DNAL)191710-naldb-Voyager
=040  \\$aAGL$beng$cAGL
=049  \\$aAGLL
=070  \\$a1$bAg84M no. 84 1967
=072  \0$a0500
=100  1\$aEdwards, Everett Eugene,$d1900-1952.
=245  12$aA bibliography of the history of agriculture in the United States.
=260  \\$aWashington,$bU.S. Govt. Print. Off.,$c1930,$creprinted 1967.
=300  \\$a307 p.
=490  1\$aU.S. Dept. of Agriculture. Miscellaneous publication no. 84
=591  \\$bNAL Reclamation
=593  \\$fAgricola CAT
=650  \0$aAgriculture$zUnited States$xHistory$vBibliography.
=655  \3$aInternet resource.
=830  \0$aMiscellaneous publication (United States. Department of Agriculture) ;$vno. 84.
=856  41$uhttps://archive.org/details/bibliographyofhi84edwa
=912  \\$analcatalog
=930  \\$a20150716$b20150807$c00000000
=945  \\$aDigiMet
=945  \\$p318
=946  \\$aUSDA
=959  \\$c2013-06-27$ejgilbert$gap
=959  \\$c2015-07-16$emlydon$gaccadd
=959  \\$c2015-07-16$emlydon$gsubjadd
=994  \\$a92$bAGL

