=LDR  01794cam a2200505I  4500
=001  9915458508807426
=005  20240624194400.0
=008  800401s1966\\\\dcua\\\\\bs\\f000\0\eng\\
=010  \\$aagr66000110 
=016  7\$aCAT10226579$2DNAL
=035  \\$a191684
=035  \\$a(OCoLC)03597074
=035  \\$a(DNAL)191684-naldb-Voyager
=040  \\$aDLC$beng$cAGN$dOCL$dOCLCF$dOCLCQ$dOCLCO$dOCLCQ$dAGL$dOCLCO
=049  \\$aAGLL
=050  \0$aTP149$b.B7
=070  0\$aA31.3$bR31Ar no. 14
=072  \0$a1500
=100  1\$aBruun, Johannes H.,$d1909-$eauthor.
=245  10$aAgricultural raw materials for industrial use, 1963 and 1964$c[by Johannes H. Bruun and Henry C. Speel.
=260  \\$aWashington]$bU.S. Dept. of Agriculture, Agricultural Research Service,$c1966.
=300  \\$a19 pages$billustrations$c26 cm.
=336  \\$atext$btxt$2rdacontent
=337  \\$aunmediated$bn$2rdamedia
=338  \\$avolume$bnc$2rdacarrier
=490  1\$aU.S. Agricultural Research Service. ARS$v20-14
=504  \\$aIncludes bibliographical references.
=530  \\$aAlso available online.
=591  \\$bNAL Reclamation
=593  \\$fAgricola CAT
=650  \0$aChemurgy.$0http://id.loc.gov/authorities/subjects/sh85023045
=650  \2$aFarm produce$xutilization.
=655  \2$aStatistics.
=655  \3$aInternet resource.
=700  1\$aSpeel, Henry C.,$eauthor.
=830  \0$aARS (Series) (United States. Agricultural Research Service) ;$v20-14.
=856  41$uhttps://archive.org/details/agriculturalrawm14bruu
=912  \\$analcatalog
=930  \\$a20201014$b00000000$c00000000
=939  \\$a20140411$b20140502$c00000000
=939  \\$a20131022$b20131101$c00000000
=945  \\$aDigiMet
=945  \\$p28
=946  \\$aUSDA
=959  \\$c2013-10-22$essouder$gurl
=959  \\$c2020-10-14$ecbarone$gother
=994  \\$a92$bAGL

