=LDR  02024cas a2200553 a 4500
=001  9915459401707426
=005  20240620134408.0
=008  950807d19uu195udcubr\p\\\\\\f0\\\\0eng\\
=010  \\$asn 95153347 
=012  \\$i9508
=016  7\$aCAT10700694$2DNAL
=035  \\$a765053
=035  \\$a(OCoLC)32932667
=035  \\$a(DNAL)765053-naldb-Voyager
=040  \\$aAGL$beng$cAGL$dOCLCQ$dOCLCO$dOCLCF$dOCLCQ$dAGL
=042  \\$apcc
=043  \\$an-us---
=049  \\$aAGLL
=050  10$aGB701$b.U55
=070  0\$aaGB701.U55
=072  \0$aP200
=072  \0$aK001
=110  1\$aUnited States.$bForest Service.$bDivision of Forest Influences.$0http://id.loc.gov/authorities/names/no95040291
=245  10$aBimonthly report /$cDivision of Forest Influences, U.S. Department of Agriculture, Forest Service.
=260  \\$a[Washington, D.C.?] :$bThe Division
=300  \\$avolumes ;$c27 cm
=310  \\$aBimonthly
=336  \\$atext$btxt$2rdacontent
=337  \\$aunmediated$bn$2rdamedia
=338  \\$avolume$bnc$2rdacarrier
=588  \\$aDescription based on: 1950 (handwritten on t.p.); title from cover.
=591  \\$bNAL Reclamation
=593  \\$fAgricola CAT
=650  \0$aWatersheds$xResearch$zUnited States$vPeriodicals.
=650  \0$aWatershed management$xResearch$zUnited States$vPeriodicals.
=650  \0$aForest hydrology$xResearch$zUnited States$vPeriodicals.
=650  \0$aForest influences$xResearch$zUnited States$vPeriodicals.
=651  \7$aUnited States.$2fast$0(OCoLC)fst01204155
=655  \3$aInternet resource.
=655  \7$aPeriodicals.$2fast$0(OCoLC)fst01411641
=785  00$aUnited States. Forest Service. Division of Forest Influences.$tQuarterly report$w(DLC)sn 95015348$w(OCoLC)32932532
=850  \\$aDNAL
=856  41$uhttps://archive.org/details/usda-reportforestinfluences
=912  \\$analcatalog
=930  \\$a20180507$b20180601$c00000000
=939  \\$a19950905$b19950912$c00000000
=945  \\$dMDE$e95/08/07$fCM$g95/08/10
=945  \\$vpt. 1
=945  \\$p74
=945  \\$aDigiMet
=946  \\$aUSDA
=994  \\$a92$bAGL

