=LDR  01811cam a22004931  4500
=001  9915459536707426
=005  20240624195540.0
=007  ta
=008  920619s1912\\\\maua\\\\\b\\\\000\0\eng\\
=010  \\$a   12002284 
=016  7\$aCAT10502088$2DNAL
=019  \\$a1086736566
=035  \\$a417944
=035  \\$a(OCoLC)00981382$z(OCoLC)1086736566
=035  \\$a(DNAL)417944-naldb-Voyager
=035  \\$z(OCoLC)1086736566
=040  \\$aDLC$beng$cOSU$dDLC$dOCLCQ$dAGL$dOCLCQ$dOCLCG$dKRTAS$dOCLCF$dOCLCO$dOCLCQ$dU3G
=049  \\$aRQIA
=050  00$aSF487$b.R663
=070  0\$a47$bR56Pr
=072  \0$aL100
=100  1\$aRobinson, John H.$q(John Henry),$d1863-1935.$0http://id.loc.gov/authorities/names/no99005654
=245  10$aPrinciples and practice of poultry culture,$cby John H. Robinson.
=260  \\$aBoston,$bGinn$c[©1912]
=300  \\$axvi, 611 pages$billustrations$c22 cm.
=336  \\$atext$btxt$2rdacontent
=337  \\$aunmediated$bn$2rdamedia
=338  \\$avolume$bnc$2rdacarrier
=490  0\$aCountry life education series
=504  \\$aIncludes bibliographical references (pages 587-596).
=591  \\$bNAL Reclamation
=593  \\$fAgricola CAT
=650  \0$aPoultry.$0http://id.loc.gov/authorities/subjects/sh85105892
=655  \3$aInternet resource.
=776  08$iOnline version:$aRobinson, John H. (John Henry), 1863-1935.$tPrinciples and practice of poultry culture.$dBoston, Ginn [©1912]$w(OCoLC)1250192141
=856  41$uhttps://archive.org/details/principlespracti00robi_0
=912  \\$analcatalog
=930  \\$a20160525$b20160603$c00000000
=938  \\$aKirtas Technologies, Inc.$bKRTS$n323459
=939  \\$a20140702$b20140807$c00000000
=939  \\$a20120911$b20121009$c00000000
=945  \\$aDigiMet
=945  \\$p644
=946  \\$aOther US
=959  \\$c2012-09-11$earojas$gap
=994  \\$a92$bAGL

