=LDR  02354cam a2200601Ia 4500
=001  9915460082307426
=005  20240620135611.0
=008  950706s1995\\\\utuab\\\\b\\\f000\0\eng\\
=016  7\$aCAT10698959$2DNAL
=019  \\$a213865315
=035  \\$a762972
=035  \\$a(OCoLC)32770469$z(OCoLC)213865315
=035  \\$a(DNAL)762972-naldb-Voyager
=035  \\$z(OCoLC)213865315
=040  \\$aAGL$beng$cAGL$dCNO$dOCLCQ$dSPI$dOCLCO$dOCLCF$dOCLCQ$dCUT$dDPL$dOCL$dCOD$dOCLCA$dAGM$dWURST$dAGL
=043  \\$an-us-id
=049  \\$aAGLL
=050  \0$aSD144.I33$bC56 1995
=070  0\$aA99.9$bF764Ub no.82
=072  \0$aK100
=086  0\$aA 13.80:INT-RB-82
=100  1\$aChojnacky, David C.$0http://id.loc.gov/authorities/names/n83061833
=245  10$aSouthern Idaho's forest land outside national forests, 1991 /$cDavid C. Chojnacky.
=260  \\$aOgden, UT :$bU.S. Dept. Forest Service, Intermountain Research Station,$c[1995]
=300  \\$a57 pages :$billustrations, color maps ;$c28 cm.
=336  \\$atext$btxt$2rdacontent
=337  \\$aunmediated$bn$2rdamedia
=338  \\$avolume$bnc$2rdacarrier
=490  1\$aResource bulletin INT-RB ;$v82
=504  \\$aIncludes bibliographical references (pages 18-19).
=591  \\$bNAL Reclamation
=593  \\$fAgricola CAT
=650  \0$aForests and forestry$zIdaho.$0http://id.loc.gov/authorities/subjects/sh89007112
=650  \3$aforest statistics.
=650  \3$aforest inventory.
=650  \3$aforest ownership.
=650  \3$astand structure.
=650  \3$avolume.
=650  \3$amortality.
=651  \3$aIdaho.
=651  \7$aIdaho.$2fast$0(OCoLC)fst01211709
=655  \3$aInternet resource.
=710  1\$aUnited States.$bDepartment of Agriculture.
=710  2\$aIntermountain Research Station (Ogden, Utah)$0http://id.loc.gov/authorities/names/n85066590
=776  08$iOnline version:$aChojnacky, David C.$tSouthern Idaho's forest land outside national forests, 1991.$dOgden, UT : U.S. Dept. Forest Service, Intermountain Research Station, [1995]$w(OCoLC)624315140
=830  \0$aResource bulletin INT ;$v82.
=856  41$uhttps://archive.org/details/southernidahosfo82choj
=912  \\$analcatalog
=930  \\$a20140603$b20140704$c00000000
=939  \\$a19950802$b19950807$c00000000
=945  \\$dML$e95/07/06$fGBP$g95/07/10$n1
=945  \\$p70
=945  \\$aDigiMet
=946  \\$aUSDA
=994  \\$a92$bAGL

