=LDR  01433cas a2200361M  4500
=001  9915462145507426
=005  20240624164719.0
=008  001003d19uu19uuiluuu\\\\\\\\f0\\\\0eng\d
=016  7\$aCAT11083631$2DNAL
=035  \\$a851763
=035  \\$a(OCoLC)1289155875
=035  \\$a(DNAL)851763-naldb-Voyager
=040  \\$aAGL$beng$cAGL
=049  \\$aRQIC
=070  0\$a1.9321$bN2L692
=110  1\$aUnited States.$bNorthern Regional Research Laboratory, Peoria, Ill.
=245  10$aList of publications [on] vegetable oils and related subjects.
=260  \\$aPeoria.
=362  1\$aCeased.
=550  \\$aIssuing office varies: 1953- U.S. Agricultural Research Service. Northern Utilization Research Branch.
=591  \\$bNAL Reclamation
=593  \\$fAgricola CAT
=655  \3$aInternet resource.
=710  1\$aUnited States.$bAgricultural Research Service.$bNorthern Utilization Research Branch.
=710  12$aUnited States.$bAgricultural Research Service.$bNorthern Utilization Research Branch.$tList of publications and patents [on] oilseeds and related subjects.
=710  12$aUnited States.$bAgricultural Research Service.$tARS-71-5$pSuppl. 1.
=856  41$uhttps://archive.org/details/listofpublicatio1841unit
=856  41$31937-1946$uhttps://archive.org/details/CAT11083631001
=912  \\$analcatalog
=930  \\$a20140603$b00000000$c00000000
=945  \\$aDigiMet
=945  \\$p22
=946  \\$aUSDA
=959  \\$c2024-01-19$earojas$gurl
=994  \\$a92$bAGL

