=LDR  01273cas a2200373M  4500
=001  9915462149507426
=005  20240621211232.0
=008  001003d19uu19uudcuuu\\\\\\\\f0\\\\0eng\d
=016  7\$aCAT11083564$2DNAL
=035  \\$a851697
=035  \\$a(OCoLC)1289025423
=035  \\$a(DNAL)851697-naldb-Voyager
=040  \\$aAGL$beng$cAGL
=049  \\$aRQIC
=070  0\$a1.95$bF114
=110  1\$aUnited States.$bFarm Security Administration.
=245  10$aFSA in the news.
=246  1\$iTitle varies, Nov. 1946-Mar. 1947:$aFHA in the news
=246  1\$iTitle varies, May 1947:$aFHA notes and quotes
=246  1\$iTitle varies, July 1947-Dec. 1951:$aFarmers Home Administration notes and quotes
=260  \\$aWashington, D.C.
=300  \\$av. ;$c27 cm.
=310  \\$aMonthly
=362  1\$aCeased. Inf. rec'd. Aug. 13, 1954 from issuing office.
=550  \\$aIssuing office varies: Nov. 1946-Dec. 1951. U.S. Farmers' home administration.
=591  \\$bNAL Reclamation
=593  \\$fAgricola CAT
=655  \3$aInternet resource.
=710  1\$aUnited States.$bFarmers Home Administration.
=856  41$uhttps://archive.org/details/usda-farmsecurityadministration
=912  \\$analcatalog
=930  \\$a20140812$b00000000$c00000000
=945  \\$aDigiMet
=945  \\$vpt. 1
=945  \\$p50
=945  \\$aDigiMet
=945  \\$vpt. 2
=945  \\$p90
=945  \\$aDigiMet
=945  \\$vpt. 3
=945  \\$p68
=945  \\$aDigiMet
=945  \\$vpt. 4
=945  \\$p66
=945  \\$aDigiMet
=945  \\$vpt. 5
=945  \\$p74
=945  \\$aDigiMet
=945  \\$vpt. 6
=945  \\$p62
=946  \\$aUSDA
=994  \\$a92$bAGL

