=LDR  00973cas a2200325M  4500
=001  9915462156507426
=005  20240620154059.0
=008  001003d19uu19uudcuuu\\\\\\\\f0\\\\0eng\d
=016  7\$aCAT11083565$2DNAL
=035  \\$a851698
=035  \\$a(OCoLC)1289135662
=035  \\$a(DNAL)851698-naldb-Voyager
=040  \\$aAGL$beng$cAGL
=049  \\$aRQIC
=070  0\$a1.95$bF112
=110  1\$aUnited States.$bFarm Security Administration.
=245  10$aFSA loans to veterans of world war II, U.S. total.
=246  1\$iOther title :$aLoans to veterans of world war II
=260  \\$aWashington.
=362  1\$aCeased. - Office discontinued Nov. 1946.
=591  \\$bNAL Reclamation
=593  \\$fAgricola CAT
=650  \3$aagricultural credit.
=650  \3$aveterans.
=655  \3$aInternet resource.
=856  41$uhttps://archive.org/details/fsaloanstovetera1945unit
=912  \\$analcatalog
=930  \\$a20140812$b20140905$c00000000
=945  \\$aDigiMet
=945  \\$p8
=946  \\$aUSDA
=994  \\$a92$bAGL

