=LDR  00919cas a22003012  4500
=001  9915462171507426
=005  20240621211235.0
=008  001010d193019uuxxuuu\\\\\\\\f0\\\\1eng\d
=016  7\$aCAT11084731$2DNAL
=035  \\$91084-73160
=035  \\$a851201
=035  \\$a(DNAL)851201-naldb-Voyager
=040  \\$aAGL
=049  \\$aRQIC
=070  0\$a1.9$bIn3Ra
=245  04$aThe farm business library.
=362  0\$aNo. [1]-69   Feb. 12, 1930-Apr. 8, 1932.
=362  1\$aCeased.
=500  \\$aBy M.S. Eisenhower.
=500  \\$aFor Farm science and business news no. 1-  May 6, 1932-   by M.S. Eisenhower see 1.9 In3Fsc.
=500  \\$aEach no. has individual title.
=593  \\$fAgricola CAT
=655  \3$aInternet resource
=740  02$aFarm science and business news.
=856  41$uhttps://archive.org/details/farmbusinesslibr00unse
=912  \\$analcatalog
=930  \\$a20140702$b00000000$c00000000
=945  \\$aDigiMet
=945  \\$p154
=946  \\$aUSDA

