=LDR  01140cas a2200325M  4500
=001  9915462202007426
=005  20240621211230.0
=008  001010d19uu1944dcuuu\\\\\\\\f0\\\\0eng\d
=016  7\$aCAT11084638$2DNAL
=035  \\$a851194
=035  \\$a(OCoLC)1289122244
=035  \\$a(DNAL)851194-naldb-Voyager
=040  \\$aAGL$beng$cAGL
=049  \\$aRQIC
=070  0\$a1.9422$bA8C88
=110  1\$aUnited States.$bWar Food Administration.$bOffice of Distribution.
=245  10$aCrop prospects and food supplies; summary of reports of OD area supervisors, week ending ...
=246  30$aSummary of reports of OD area supervisors, week ending ...
=260  \\$a[Washington?]
=362  1\$aCeased 1944.- Information from issuing office 10/17/47.
=550  \\$aProgram appraisal division the only issuing office appearing on publications.
=591  \\$bNAL Reclamation
=593  \\$fAgricola CAT
=655  \3$aInternet resource.
=710  2\$aProgram Appraisal Division.
=856  41$uhttps://archive.org/details/cropprospectsfoo1944unit
=912  \\$analcatalog
=930  \\$a20140812$b00000000$c00000000
=945  \\$aDigiMet
=945  \\$p96
=946  \\$aUSDA
=994  \\$a92$bAGL

