=LDR  02267cas a2200541 a 4500
=001  9915462202607426
=005  20240624164736.0
=008  001003d19371937dcu\x\p\\\\\\f0\\\a0eng\\
=010  \\$asn 85018861 
=016  7\$aCAT11083615$2DNAL
=035  \\$a851747
=035  \\$a(OCoLC)12045036
=035  \\$a(DNAL)851747-naldb-Voyager
=040  \\$aNYG$beng$cNYG$dOCLCQ$dAGL$dOCLCF$dOCLCO$dOCLCQ
=042  \\$apcc
=043  \\$an-us---
=049  \\$aAGLL
=070  0\$a1.95$bB87
=245  00$aBulletin of federal and state legislation affecting land use.
=260  \\$a[Place of publication not identified] :$bResettlement Administration, Land Utilization Division, Land Use Planning Section,$c1937.
=300  \\$avolumes ;$c28 cm
=310  \\$aIrregular
=336  \\$atext$btxt$2rdacontent
=337  \\$aunmediated$bn$2rdamedia
=338  \\$avolume$bnc$2rdacarrier
=362  0\$aNo. 1 (Jan. 7, 1937)-no. [28] (July 29, 1937).
=515  \\$aBulletin for July 29, 1937 numbered incorrectly as no. 29.
=580  \\$aContinued by: Bulletin (United States. Farm Security Administration. Land Utilization Division. Land Use Planning Section).
=588  \\$aDescription based on: No. 1 (Jan. 7, 1937); title from caption.
=588  \\$aLatest issue consulted: No. [28] (July 29, 1937).
=591  \\$bNAL Reclamation
=593  \\$fAgricola CAT
=650  \0$aLand use$zUnited States$vPeriodicals.
=650  \0$aNatural resources$zUnited States$vPeriodicals.
=651  \7$aUnited States.$2fast$0(OCoLC)fst01204155
=655  \3$aInternet resource.
=655  \7$aPeriodicals.$2fast$0(OCoLC)fst01411641
=710  1\$aUnited States.$bResettlement Administration.$bLand Utilization Division.$bLand Use Planning Section.$0http://id.loc.gov/authorities/names/no91021430
=785  10$tBulletin (United States. Farm Security Administration. Land Utilization Division. Land Use Planning Section)$w(DLC)sn 85018862$w(OCoLC)12045032
=850  \\$aDNAL
=856  41$uhttps://archive.org/details/usda-bulletinlandeconomics
=912  \\$analcatalog
=930  \\$a20140411$b20140502$c00000000
=939  \\$a20130807$b20130906$c00000000
=945  \\$aDigiMet
=945  \\$p18
=945  \\$aDigiMet
=945  \\$p22
=945  \\$aDigiMet
=945  \\$p14
=945  \\$aDigiMet
=945  \\$p24
=945  \\$aDigiMet
=945  \\$p12
=945  \\$aDigiMet
=945  \\$p12
=945  \\$aDigiMet
=945  \\$p24
=945  \\$aDigiMet
=945  \\$p22
=945  \\$aDigiMet
=945  \\$p10
=945  \\$aDigiMet
=945  \\$p24
=945  \\$aDigiMet
=945  \\$p24
=945  \\$aDigiMet
=945  \\$p16
=945  \\$aDigiMet
=945  \\$p12
=945  \\$aDigiMet
=945  \\$p24
=945  \\$aDigiMet
=945  \\$p8
=945  \\$aDigiMet
=945  \\$p12
=945  \\$aDigiMet
=945  \\$p16
=945  \\$aDigiMet
=945  \\$p14
=945  \\$aDigiMet
=945  \\$p22
=945  \\$aDigiMet
=945  \\$p14
=945  \\$aDigiMet
=945  \\$p38
=945  \\$aDigiMet
=945  \\$p18
=945  \\$aDigiMet
=945  \\$p24
=945  \\$aDigiMet
=945  \\$p20
=945  \\$aDigiMet
=945  \\$p24
=945  \\$aDigiMet
=945  \\$p14
=945  \\$aDigiMet
=945  \\$p24
=945  \\$aDigiMet
=945  \\$p14
=946  \\$aUSDA
=959  \\$c2013-04-02$essouder$gap
=959  \\$c2013-08-07$ergallett$gupgrade
=994  \\$a92$bAGL

