=LDR  01134cas a22003372  4500
=001  9915462218007426
=005  20240624164743.0
=008  001010d19uu19uuxxuuu\\\\\\\\f0\\\\1eng\d
=016  7\$aCAT11084990$2DNAL
=035  \\$91084-99060
=035  \\$a851215
=035  \\$a(DNAL)851215-naldb-Voyager
=040  \\$aAGL$dAGL
=049  \\$aRQIC
=070  0\$a1.9$bIn3Nc
=110  1\$aUnited States.$bDepartment of Agriculture.$bRadio Service.
=245  14$aThe neglected crop or The farmer's spare time :$bA radio drama in one act suggesting a way to keep our best young farmers on the farm ...
=246  30$aRadio drama in one act suggesting a way to keep our best young farmers on the farm ...
=300  \\$c27 cm.
=362  1\$aCeased.
=593  \\$fAgricola CAT
=650  \0$aFarmers$vDrama.
=650  \0$aRadio scripts.
=655  \3$aInternet resource
=856  41$uhttps://archive.org/details/neglectedcroporf1928unit
=912  \\$analcatalog
=930  \\$a20140812$b20140905$c00000000
=939  \\$a20140331$b20140404$c00000000
=945  \\$aDigiMet
=945  \\$p22
=946  \\$aUSDA
=959  \\$c2013-04-02$essouder$gap
=959  \\$c2014-03-31$ergallett$gaccadd

