=LDR  02377cam a2200601   4500
=001  9915462339307426
=005  20240624164745.0
=008  800401s1968\\\\dcu\\\\\\\\\\f000\0\eng\c
=010  \\$aagr68000325 
=016  7\$aCAT10245959$2DNAL
=019  \\$a222731833$a976482088
=035  \\$a206199
=035  \\$a(OCoLC)00035415$z(OCoLC)222731833$z(OCoLC)976482088
=035  \\$a(DNAL)206199-naldb-Voyager
=035  \\$z(OCoLC)222731833$z(OCoLC)976482088
=040  \\$aU.S. Nat'l Agr. Libr.$beng$cDLC$dBTCTA$dOCLCO$dOCLCQ$dNTE$dOCLCF$dOKS$dGPO$dWURST$dAGL
=049  \\$aAGLL
=050  \0$aTX1$b.U5 no.35
=070  \\$aA321.9$bAg8 no. 35
=072  \0$a4000
=074  \\$a0011-B
=086  0\$aA 1.87:35
=100  1\$aPeterkin, Betty B.,$d1921-2013.$0http://id.loc.gov/authorities/names/n82005849
=245  10$aFood selection for good nutrition in group feeding,$cby Betty B. Peterkin.
=260  \\$aWashington$b[Agricultural Research Service, U.S. Dept. of Agriculture]$c1968.
=300  \\$aiv, 32 pages$c26 cm.
=336  \\$atext$btxt$2rdacontent
=337  \\$aunmediated$bn$2rdamedia
=338  \\$avolume$bnc$2rdacarrier
=490  1\$a[United States. Dept. of Agriculture] Home economics research report$vno. 35
=504  \\$a[Includes list of Government publications available].
=591  \\$bNAL Reclamation
=593  \\$fAgricola CAT
=650  \0$aQuantity cooking.$0http://id.loc.gov/authorities/subjects/sh85109451
=650  \0$aNutrition.$0http://id.loc.gov/authorities/subjects/sh85093451
=650  \0$aAssociations, institutions, etc.$xManagement.$0http://id.loc.gov/authorities/subjects/sh94001384
=650  \3$aFood for institutions.
=650  \3$anutrition.
=650  \3$adiet.
=655  \3$aInternet resource.
=700  1\$aLifquist, Rosalind Caribelle,$d1903-$tPlanning food for institutions.
=830  \0$aHome economics research report (United States. Department of Agriculture) ;$vno. 35.
=856  41$uhttps://archive.org/details/foodselectionfor35pete
=912  \\$analcatalog
=930  \\$a20140411$b20140502$c00000000
=938  \\$aBaker and Taylor$bBTCP$nagr68000325
=939  \\$a20140126$b20140207$c00000000
=939  \\$a20111114$b20111202$c00000000
=939  \\$a20111025$b20111104$c00000000
=945  \\$aDigiMet
=945  \\$p44
=946  \\$aUSDA
=959  \\$c2011-11-14$earojas$gap
=959  \\$c2014-01-26$edcollins$gap
=994  \\$a92$bAGL

