=LDR  01846cam a2200505Ia 4500
=001  9915462342407426
=005  20240624164746.0
=008  800401s1966\\\\akua\\\\\\\\\f000\0\eng\d
=016  7\$aCAT10233908$2DNAL
=035  \\$a206924
=035  \\$a(OCoLC)41813660
=035  \\$a(DNAL)206924-naldb-Voyager
=040  \\$aAkJFS$beng$cW7L$dRLA$dOCLCQ$dMTG$dOCLCF$dOCLCQ$dOCLCO$dSEA$dCOD$dAGM$dOCLCA$dWURST$dAGL
=043  \\$an-us-ak
=049  \\$aAGLL
=050  \0$aSD11$b.A456135 no.18
=070  \\$aA99.9$bF7672U no. 18
=072  \0$a4500
=086  0\$aA 13.79:NOR-18
=100  1\$aHarris, A. S.$0http://id.loc.gov/authorities/names/n84177588
=245  10$aEffects of slash burning on conifer regeneration in southeast Alaska /$cby A.S. Harris.
=260  \\$aJuneau, Alaska :$bU.S. Forest Service, Northern Forest Experiment Station,$c1966.
=300  \\$a6 pages :$billustrations ;$c27 cm.
=336  \\$atext$btxt$2rdacontent
=337  \\$aunmediated$bn$2rdamedia
=338  \\$avolume$bnc$2rdacarrier
=490  1\$aU.S. Forest Service research note NOR ;$v18
=591  \\$bNAL Reclamation
=593  \\$fAgricola CAT
=650  \0$aForest regeneration$zAlaska.
=650  \0$aSlashburning$zAlaska.
=650  \3$aPinopsida.
=650  \3$aslash.
=650  \3$aprescribed burning.
=651  \3$aAlaska.
=651  \7$aAlaska.$2fast$0(OCoLC)fst01204480
=655  \3$aInternet resource.
=710  2\$aNorthern Forest Experiment Station (Juneau, Alaska)$0http://id.loc.gov/authorities/names/no2009160659
=810  2\$aNorthern Forest Experiment Station (Juneau, Alaska).$tU.S. Forest service research note NOR ;$v18.
=856  41$uhttps://archive.org/details/effectsofslashbu18harr
=912  \\$analcatalog
=930  \\$a20140703$b00000000$c00000000
=945  \\$aDigiMet
=945  \\$p12
=946  \\$aUSDA
=959  \\$c2014-07-03$earojas$gap
=994  \\$a92$bAGL

