=LDR  01744cam a2200493 a 4500
=001  9915462349607426
=005  20240624164740.0
=008  800401s1966\\\\dcua\\\\\\\\\f100\0\eng\d
=016  7\$aCAT10245875$2DNAL
=035  \\$a206017
=035  \\$a(OCoLC)840823502
=035  \\$a(DNAL)206017-naldb-Voyager
=040  \\$aMUU$beng$cMUU$dMUU$dOCLCO$dOCLCF$dOCLCQ$dAGL
=043  \\$an-us---
=049  \\$aAGLL
=070  0\$aA381$bR31 no. 50
=072  \0$a4500
=086  0\$aA 77.15:ARS-72-50
=111  2\$aNaval Stores Work Conference$d(1964 :$cGainesville, Fla.)
=245  10$aProceedings of the Naval Stores Work Conference :$bheld at Gainesville, Fla., October 19 and 20, 1964.
=246  3\$aNaval Stores Work Conference
=260  \\$a[Washington, D.C.] :$bU.S. Dept. of Agriculture, Agricultural Research Service,$c1966.
=300  \\$a75 pages :$billustrations ;$c27 cm
=336  \\$atext$btxt$2rdacontent
=337  \\$aunmediated$bn$2rdamedia
=338  \\$avolume$bnc$2rdacarrier
=490  1\$aARS ;$v72-50
=591  \\$bNAL Reclamation
=593  \\$fAgricola CAT
=650  \0$aNaval stores$zUnited States.
=650  \0$aNaval stores industry$zUnited States.
=651  \7$aUnited States.$2fast$0(OCoLC)fst01204155
=655  \3$aInternet resource.
=830  \0$aARS (Series) (United States. Agricultural Research Service) ;$v72-50.
=856  41$uhttps://archive.org/details/proceedingsofnav7250nava
=912  \\$analcatalog
=930  \\$a20140115$b20140207$c00000000
=939  \\$a20130314$b20130404$c00000000
=945  \\$aDigiMet
=945  \\$p84
=946  \\$aUSDA
=959  \\$c2014-01-15$essouder$gurl
=959  \\$c2013-03-14$ejgilbert$gsubjadd
=959  \\$c2013-03-14$ejgilbert$gaccadd
=959  \\$c2013-03-14$ejgilbert$gde
=994  \\$a92$bAGL

