=LDR  01794cam a2200493Ia 4500
=001  9915462352307426
=005  20240624164743.0
=008  800401s1967\\\\dcua\\\\\b\\\f001\0\eng\d
=016  7\$aCAT10233504$2DNAL
=035  \\$a206103
=035  \\$a(OCoLC)70170895
=035  \\$a(DNAL)206103-naldb-Voyager
=040  \\$aIWA$beng$cIWA$dOCLCF$dOCLCO$dOCLCQ$dOCLCA$dAGL
=049  \\$aAGLL
=050  \0$aSB945.A8$bB87x 1967
=070  0\$aA420$bR31 no. 117
=072  \0$a3500
=086  0\$aA 77.15:33-117
=100  1\$aBurton, R. L.$q(Robert Lee),$d1936-$eauthor.
=245  10$aMass rearing the fall armyworm in the laboratory /$cby R.L Burton.
=260  \\$a[Washington, D.C.?] :$bU.S. Dept. of Agriculture, Agricultural Research Service,$c[1967]
=300  \\$a12 pages :$billustrations ;$c26 cm.
=336  \\$atext$btxt$2rdacontent
=337  \\$aunmediated$bn$2rdamedia
=338  \\$avolume$bnc$2rdacarrier
=490  1\$aARS ;$v33-117
=504  \\$aIncludes bibliographical references.
=530  \\$aAlso available on the Internet.
=591  \\$bNAL Reclamation
=593  \\$fAgricola CAT
=650  \0$aFall armyworm.$0http://id.loc.gov/authorities/subjects/sh85046968
=650  \0$aInsect rearing.$0http://id.loc.gov/authorities/subjects/sh85066653
=655  \3$aInternet resource.
=710  1\$aUnited States.$bAgricultural Research Service.
=830  \0$aARS (Series) (United States. Agricultural Research Service) ;$v33-117.
=856  41$uhttps://archive.org/details/massrearingfalla117burt
=912  \\$analcatalog
=930  \\$a20201022$b00000000$c00000000
=939  \\$a20140411$b20140502$c00000000
=939  \\$a20131022$b20131101$c00000000
=945  \\$aDigiMet
=945  \\$p16
=946  \\$aUSDA
=959  \\$c2013-10-22$essouder$gurl
=959  \\$c2020-10-22$ecbarone$gother
=994  \\$a92$bAGL

