=LDR  01227cam a22003853  4500
=001  9915462352907426
=005  20240624164739.0
=008  800401s1968\\\\dcu\\\\\\\\\\f000\0\eng\d
=016  7\$aCAT10245929$2DNAL
=035  \\$a206130
=035  \\$a(OCoLC)1084392698
=035  \\$a(DNAL)206130-naldb-Voyager
=040  \\$aGPO$beng$cGPO$dOCLCO$dOCLCF$dAGL
=049  \\$aAGLL
=070  \\$aA99.9$bF7622U no. 81
=072  \0$a4500
=086  0\$aA 13.79:NE-81
=245  00$aAmendment to Guide to hardwood log grading, (revised 1965).
=260  \\$aUpper Darby, Pa.,$c1968.
=300  \\$a3 p.
=490  1\$aResearch note NE ;$vNE-81
=591  \\$bNAL Reclamation
=593  \\$fAgricola CAT
=650  \0$aHardwoods$xGrading.
=655  \3$aInternet resource.
=710  2\$aNortheastern Forest Experiment Station (Radnor, Pa.)$0http://id.loc.gov/authorities/names/n79118101
=787  08$iAmendment to$tGuide to hardwood log grading$d1965
=830  \0$aResearch note NE ;$v81.
=856  41$uhttps://archive.org/details/amendmenttoguide81ostr
=912  \\$analcatalog
=930  \\$a20140116$b00000000$c00000000
=945  \\$aDigiMet
=945  \\$p8
=946  \\$aUSDA
=959  \\$c2014-01-15$essouder$gurl
=959  \\$c2014-01-16$earojas$gap
=994  \\$a92$bAGL

