=LDR  01678cam a2200481Ma 4500
=001  9915462353307426
=005  20240624164740.0
=008  800401s1968\\\\dcua\\\\\b\\\f000\0\eng\d
=016  7\$aCAT10245908$2DNAL
=019  \\$a320138112
=035  \\$a206080
=035  \\$a(OCoLC)85237950$z(OCoLC)320138112
=035  \\$a(DNAL)206080-naldb-Voyager
=035  \\$z(OCoLC)320138112
=040  \\$aWAU$beng$cWAU$dNUI$dOCLCQ$dOCLCA$dGZM$dOCLCQ$dAGL
=049  \\$aAGLL
=070  \\$aA381$bR31Ab no. 45
=072  \0$a7000
=086  0\$aA 77.15:74-45
=086  0\$aA 77.15:ARS-74-45
=100  1\$aNury, F. S.
=245  10$aEffects of microwave dehydration on components of apples /$cF.S. Nury and D.K. Salunkhe.
=260  \\$a[Washington] :$bU.S. Dept. of Agriculture, Agricultural Research Service, Western Utilization Research and Development Division,$c[1968]
=300  \\$a19 pages :$billustrations ;$c27 cm
=336  \\$atext$btxt$2rdacontent
=337  \\$aunmediated$bn$2rdamedia
=338  \\$avolume$bnc$2rdacarrier
=490  1\$aARS ;$v74-45
=504  \\$aIncludes bibliographical references (pages 18-19).
=591  \\$bNAL Reclamation
=593  \\$fAgricola CAT
=650  \0$aApples$xDrying.
=655  \3$aInternet resource.
=700  1\$aSalunkhe, D. K.
=710  1\$aUnited States.$bAgricultural Research Service.
=830  \0$aARS (Series) (United States. Agricultural Research Service) ;$v74-45.
=856  41$uhttps://archive.org/details/effectsofmicrowa7445nury
=912  \\$analcatalog
=930  \\$a20140116$b00000000$c00000000
=945  \\$aDigiMet
=945  \\$p24
=946  \\$aUSDA
=959  \\$c2014-01-15$essouder$gurl
=959  \\$c2014-01-16$earojas$gap
=994  \\$a92$bAGL

