=LDR  01939cam a2200469Ia 4500
=001  9915462360307426
=005  20240620154126.0
=008  800401s1966\\\\utua\\\\\b\\\f000\0\eng\d
=016  7\$aCAT10233628$2DNAL
=035  \\$a206376
=035  \\$a(OCoLC)32214665
=035  \\$a(DNAL)206376-naldb-Voyager
=040  \\$aSDB$beng$cSDB$dNUI$dOCLCQ$dOCLCF$dAGM$dOCLCA$dAGL
=043  \\$an-us-id
=049  \\$aAGLL
=070  \\$aA99.9$bF764Un no. 47
=072  \0$a4500
=086  0\$aA 13.79:INT-47
=100  1\$aDeitschman, Glenn H.
=245  10$aDiameter growth of western white pine following precommercial thinning /$cGlenn H. Deitschman.
=260  \\$aOgden, Utah :$bU.S. Dept. of Agriculture, Forest Service, Intermountain Forest & Range Experiment Station,$c1966.
=300  \\$a4 pages :$billustrations ;$c27 cm.
=336  \\$atext$btxt$2rdacontent
=337  \\$aunmediated$bn$2rdamedia
=338  \\$avolume$bnc$2rdacarrier
=490  1\$aU.S. Forest Service research note INT ;$v47
=504  \\$aIncludes bibliographical references.
=591  \\$bNAL Reclamation
=593  \\$fAgricola CAT
=650  \0$aWestern white pine$xThinning$zIdaho.
=650  \0$aWestern white pine$zIdaho$xGrowth.
=650  \3$aPinus monticola.
=651  \7$aIdaho.$2fast$0(OCoLC)fst01211709
=655  \3$aInternet resource.
=710  2\$aIntermountain Forest and Range Experiment Station (Ogden, Utah)$0http://id.loc.gov/authorities/names/n79062786
=776  08$iOnline version:$aDeitschman, Glenn H.$tDiameter growth of western white pine following precommercial thinning.$dOgden, Utah : U.S. Dept. of Agriculture, Forest Service, Intermountain Forest & Range Experiment Station, 1966$w(OCoLC)630365776
=830  \0$aU.S. Forest Service research note INT ;$v47.
=856  41$uhttps://archive.org/details/diametergrowthof47deit
=912  \\$analcatalog
=930  \\$a20140604$b00000000$c00000000
=945  \\$aDigiMet
=945  \\$p8
=946  \\$aUSDA
=994  \\$a92$bAGL

