=LDR  01884cam a2200505 a 4500
=001  9915462473707426
=005  20240624164801.0
=008  800401s1966\\\\dcua\\\\\\\\\f000\0\eng\d
=016  7\$aCAT10233690$2DNAL
=035  \\$a206493
=035  \\$a(OCoLC)825824492
=035  \\$a(DNAL)206493-naldb-Voyager
=040  \\$aMUU$beng$cMUU$dOCLCO$dOCLCF$dOCLCQ$dOCLCA$dAGL$dOCLCQ
=043  \\$an-us-ok
=049  \\$aAGLL
=070  0\$aA56.9$bR31 no. 128
=072  \0$a8500
=086  0\$aA 77.15:ARS-41-128
=100  1\$aEdens, Carlton D.,$eauthor.
=245  12$aA cantilevered wire-weight water level gage /$c[Carlton D. Edens, Wilbur W. Padgham, and Russell R. Schoof.
=260  \\$aWashington, D.C.] :$bU.S. Dept. of Agriculture,$c1966.
=300  \\$a4 pages :$billustrations ;$c26 cm
=336  \\$atext$btxt$2rdacontent
=337  \\$aunmediated$bn$2rdamedia
=338  \\$avolume$bnc$2rdacarrier
=490  1\$aARS ;$v41-128
=530  \\$aAlso available on the Internet.
=591  \\$bNAL Reclamation
=593  \\$fAgricola CAT
=650  \0$aStream measurements$zOklahoma.
=650  \0$aGages.$0http://id.loc.gov/authorities/subjects/sh85052724
=651  \7$aOklahoma.$2fast$0(OCoLC)fst01205031
=655  \3$aInternet resource.
=655  \7$aOklahoma.$2fast$0(OCoLC)fst01205031
=700  1\$aPadgham, Wilbur W.,$eauthor.
=700  1\$aSchoof, Russell R.,$eauthor.
=710  1\$aUnited States.$bAgricultural Research Service.$bSoil and Water Conservation Research Division.$0http://id.loc.gov/authorities/names/n83008026
=830  \0$aARS (Series) (United States. Agricultural Research Service) ;$v41-128.
=856  41$uhttps://archive.org/details/cantileveredwire12eden
=912  \\$analcatalog
=930  \\$a20201022$b00000000$c00000000
=945  \\$aDigiMet
=945  \\$p10
=946  \\$aUSDA
=959  \\$c2013-10-22$essouder$gurl
=959  \\$c2020-10-22$ecbarone$gother
=994  \\$a92$bAGL

