=LDR  02223cam a2200601Ia 4500
=001  9915462482007426
=005  20240624164805.0
=008  800401s1968\\\\orua\\\\\b\\\f000\0\eng\d
=016  7\$aCAT10245879$2DNAL
=035  \\$a206024
=035  \\$a(OCoLC)41851643
=035  \\$a(DNAL)206024-naldb-Voyager
=040  \\$aWaOE$beng$cESR$dOCLCQ$dXFF$dOCLCQ$dOCLCO$dSEA$dOCLCA$dOCLCF$dAGM$dAGL
=043  \\$an-usp--
=049  \\$aAGLL
=070  \\$aA99.9$bF7625U no. 83
=072  \0$a7000
=086  0\$aA 13.79:PNW-83
=100  1\$aNelson, Earl E.
=245  10$aSurvival of Poria Weirii in conifer, alder and mixed conifer-alder stands /$cby Earl E. Nelson.
=260  \\$a[Portland, Or.] :$bU.S. Dept. of Agriculture, Pacific Northwest Forest and Range Experiment Station,$c[1968]
=300  \\$a5 pages :$billustrations ;$c27 cm.
=336  \\$atext$btxt$2rdacontent
=337  \\$aunmediated$bn$2rdamedia
=338  \\$avolume$bnc$2rdacarrier
=490  1\$aU.S. Forest Service research note PNW ;$v83
=504  \\$aIncludes bibliographical references.
=591  \\$bNAL Reclamation
=593  \\$fAgricola CAT
=650  \0$aPhellinus weirii.$0http://id.loc.gov/authorities/subjects/sh88022204
=650  \0$aRoot rots$zNorthwest, Pacific.
=650  \0$aRed alder$xDiseases and pests.
=650  \0$aTrees$xDiseases and pests$zNorthwest, Pacific.
=650  \0$aDouglas fir$xDiseases and pests$zNorthwest, Pacific.
=650  \3$aArmillaria ostoyae.
=650  \3$aPseudotsuga menziesii.
=650  \3$abotanical composition.
=650  \3$ainfection.
=650  \3$aAlnus rubra.
=650  \3$aTsuga heterophylla.
=650  \3$aPicea sitchensis.
=651  \3$aOregon.
=651  \3$aWashington (state)
=651  \7$aPacific Northwest.$2fast$0(OCoLC)fst01242543
=655  \3$aInternet resource.
=710  2\$aPacific Northwest Forest and Range Experiment Station (Portland, Or.)$0http://id.loc.gov/authorities/names/n80126131
=830  \0$aU.S. Forest Service research note PNW ;$v83.
=856  41$uhttps://archive.org/details/survivalofporiaw83nels
=912  \\$analcatalog
=930  \\$a20140506$b00000000$c00000000
=945  \\$aDigiMet
=945  \\$p8
=946  \\$aUSDA
=959  \\$c2014-05-06$earojas$gap
=994  \\$a92$bAGL

