=LDR  00952cam a2200337M  4500
=001  9915462488607426
=005  20240621211238.0
=008  800401s1968\\\\dcu\\\\\\\\\\\000\0\eng\d
=016  7\$aCAT10246043$2DNAL
=035  \\$a206375
=035  \\$a(OCoLC)1289160819
=035  \\$a(DNAL)206375-naldb-Voyager
=040  \\$aAGL$beng$cAGL
=049  \\$aAGLL
=070  \\$aA64.9$bR31A no. 103
=072  \0$a7000
=100  1\$aRice, E. R.
=245  10$aSugarcane variety tests in Florida, 1967-68 season.
=260  \\$a[Washington]$c1968.
=300  \\$a10 p.
=490  1\$aU.S. Agricultural Research Service. ARS 34-103
=504  \\$aBibliographical footnotes.
=591  \\$bNAL Reclamation
=593  \\$fAgricola CAT
=655  \3$aInternet resource.
=830  \0$aARS 34 ;$v103.
=856  41$uhttps://archive.org/details/sugarcanevariety3410rice
=912  \\$analcatalog
=930  \\$a20140209$b00000000$c00000000
=945  \\$aDigiMet
=945  \\$p16
=946  \\$aUSDA
=994  \\$a92$bAGL

