=LDR  01180cam a2200373Ia 4500
=001  9915426909407426
=005  20240620135831.0
=008  950124s1866\\\\fr\af\\\\\\\\\000\0\eng\d
=016  7\$aCAT10919790$2DNAL
=035  \\$a651201
=035  \\$a(OCoLC)25138567
=035  \\$a(DNAL)651201-naldb-Voyager
=040  \\$aFLL$beng$cFLL$dAGL$dOCLCQ$dOCLCF$dOCLCQ$dOCLCO
=049  \\$aRQIB
=050  \0$aSB413.P5$bL44x
=070  0\$a96.571$bL622
=072  \0$aF110
=100  0\$aLierval.
=245  10$aCulture pratique des phlox /$cpar Lierval, horticulteur.
=260  \\$aParis :$bLibrairie d'horticulture de E. Donnaud,$c[1866?]
=300  \\$a84 pages, 5 leaves of plates :$billustrations ;$c17 cm
=336  \\$atext$btxt$2rdacontent
=337  \\$aunmediated$bn$2rdamedia
=338  \\$avolume$bnc$2rdacarrier
=591  \\$bNAL Reclamation
=593  \\$fAgricola CAT
=650  \0$aPhlox.$0http://id.loc.gov/authorities/subjects/sh88022988
=655  \3$aInternet resource.
=856  41$uhttps://archive.org/details/culturepratiqued1866unse
=911  \\$ichl00055423
=912  \\$analcatalog
=930  \\$a20140812$b20140905$c00000000
=945  \\$aDigiMet
=945  \\$p108
=946  \\$aNon-US
=994  \\$a92$bAGL

