=LDR  01783cam a2200469Ia 4500
=001  9915427645007426
=005  20240624164548.0
=008  890419s1959\\\\dcua\\\\\\\\\f000\0\eng\d
=016  7\$aCAT10310502$2DNAL
=035  \\$a349066
=035  \\$a(OCoLC)15742421
=035  \\$a(DNAL)349066-naldb-Voyager
=040  \\$aRQF$beng$cRQF$dAGL$dIUL$dOCLCQ$dPHA$dOCLCA$dOCLCQ$dOCLCF$dOCLCO$dOCLCA$dSFR
=049  \\$aAGLY
=050  \0$aS21$b.A46 no.805
=070  0\$a1$bAg84M no.805
=072  \0$aQ115
=086  0\$aA 1.38:805
=245  00$aForced air fruit cooler.
=260  \\$aWashington, D.C. :$bU.S. Dept. of Agriculture,$c1959.
=300  \\$a1 sheet :$billustrations ;$c26 cm.
=336  \\$atext$btxt$2rdacontent
=337  \\$aunmediated$bn$2rdamedia
=338  \\$asheet$bnb$2rdacarrier
=490  1\$aMiscellaneous publication / United States Department of Agriculture ;$vno. 805
=591  \\$bNAL Reclamation
=593  \\$fAgricola CAT
=650  \0$aFruit$xPreservation.$0http://id.loc.gov/authorities/subjects/sh85052135
=650  \0$aRefrigeration and refrigerating machinery.$0http://id.loc.gov/authorities/subjects/sh85112278
=655  \3$aInternet resource.
=710  1\$aUnited States.$bDepartment of Agriculture.
=776  08$iOnline version:$tForced air fruit cooler.$dWashington, D.C. : U.S. Dept. of Agriculture, 1959$w(OCoLC)777364998
=830  \0$aMiscellaneous publication (United States. Department of Agriculture) ;$vno. 805.
=841  \\$ax$b8709220u    0   4   uu   1870922$ez
=852  \\$aDNAL$i1 Ag84M no.805
=856  41$uhttps://archive.org/details/forcedairfruitco805unit
=912  \\$analcatalog
=930  \\$a20140305$b20140404$c00000000
=945  \\$aUIU
=945  \\$p8
=945  \\$aDigiMet
=946  \\$aUSDA
=959  \\$c2013-04-02$essouder$gap
=994  \\$a92$bAGL

