=LDR  01799cam a2200505Ia 4500
=001  9915427667207426
=005  20240624164550.0
=008  890419s1968\\\\dcuae\\\\\\\\f000\0\eng\d
=016  7\$aCAT10309323$2DNAL
=019  \\$a213773024
=035  \\$a349804
=035  \\$a(OCoLC)15874210$z(OCoLC)213773024
=035  \\$a(DNAL)349804-naldb-Voyager
=035  \\$z(OCoLC)213773024
=040  \\$aRQF$beng$cRQF$dAGL$dVIC$dOCLCQ$dOCLCF$dOCLCO$dOCLCA$dSFR$dOCL$dGPO$dWURST
=049  \\$aAGLY
=050  \0$aS21$b.A46 no.1093
=070  0\$a1$bAg84M no.1093
=072  \0$aU100
=074  \\$a0013-A
=086  0\$aA 1.38:1093
=245  00$aA-frame cabin.
=260  \\$aWashington, D.C. :$bU.S. Dept. of Agriculture,$c1968.
=300  \\$a1 sheet (2 pages) :$billustrations, plans ;$c27 cm.
=336  \\$atext$btxt$2rdacontent
=337  \\$aunmediated$bn$2rdamedia
=338  \\$asheet$bnb$2rdacarrier
=490  1\$aMiscellaneous publication / United States Department of Agriculture ;$vno. 1093
=591  \\$bNAL Reclamation
=593  \\$fAgricola CAT
=650  \0$aVacation homes$vDesigns and plans.
=655  \3$aInternet resource.
=655  \7$aArchitectural drawings.$2fast$0(OCoLC)fst01986246
=710  1\$aUnited States.$bDepartment of Agriculture.
=776  08$iOnline version:$tA-frame cabin.$dWashington, D.C. : U.S. Dept. of Agriculture, 1968$w(OCoLC)777072628
=830  \0$aMiscellaneous publication (United States. Department of Agriculture) ;$vno. 1093.
=841  \\$ax$b8709220u    0   4   uu   1870922$ez
=852  \\$aDNAL$i1 Ag84M no.1093
=856  41$uhttps://archive.org/details/aframecabin1093unit
=912  \\$analcatalog
=930  \\$a20140305$b20140404$c00000000
=945  \\$aUIU
=945  \\$p8
=945  \\$aDigiMet
=946  \\$aUSDA
=959  \\$c2013-04-02$essouder$gap
=994  \\$a92$bAGL

