=LDR  01735cam a2200493Ia 4500
=001  9915427670207426
=005  20240624164557.0
=008  890419s1961\\\\dcuae\\\\\\\\f000\0\eng\d
=016  7\$aCAT10310016$2DNAL
=019  \\$a213773146
=035  \\$a349574
=035  \\$a(OCoLC)15744193$z(OCoLC)213773146
=035  \\$a(DNAL)349574-naldb-Voyager
=035  \\$z(OCoLC)213773146
=040  \\$aRQF$beng$cRQF$dAGL$dIUL$dOCLCQ$dOCLCO$dOCLCA$dSFR
=049  \\$aAGLY
=050  \0$aS21$b.A46 no.875
=070  0\$a1$bAg84M no.875
=072  \0$aL210
=072  \0$aN100
=086  0\$aA 1.38:875
=245  00$aElectric brooder for pigs.
=260  \\$aWashington, D.C. :$bU.S. Dept. of Agriculture,$c1961.
=300  \\$a1 sheet (2 pages) :$billustrations, plans ;$c28 cm.
=336  \\$atext$btxt$2rdacontent
=337  \\$aunmediated$bn$2rdamedia
=338  \\$asheet$bnb$2rdacarrier
=490  1\$aMiscellaneous publication / United States Department of Agriculture ;$vno. 875
=591  \\$bNAL Reclamation
=593  \\$fAgricola CAT
=650  \0$aSwine$xBreeding$xEquipment and supplies.
=655  \3$aInternet resource.
=710  1\$aUnited States.$bDepartment of Agriculture.
=776  08$iOnline version:$tElectric brooder for pigs.$dWashington, D.C. : U.S. Dept. of Agriculture, 1961$w(OCoLC)755195041
=830  \0$aMiscellaneous publication (United States. Department of Agriculture) ;$vno. 875.
=841  \\$ax$b8709220u    0   4   uu   1870922$ez
=852  \\$aDNAL$i1 Ag84M no.875
=856  41$uhttps://archive.org/details/electricbrooderf875unit
=912  \\$analcatalog
=930  \\$a20140305$b20140404$c00000000
=945  \\$aUIU
=945  \\$p8
=945  \\$aDigiMet
=946  \\$aUSDA
=959  \\$c2013-04-02$essouder$gap
=994  \\$a92$bAGL

