=LDR  01741cam a2200481Ia 4500
=001  9915427682607426
=005  20240620142351.0
=008  890419s1967\\\\dcua\\\\\\\\\f000\0\eng\d
=016  7\$aCAT10308723$2DNAL
=019  \\$a213771947
=035  \\$a349483
=035  \\$a(OCoLC)15862017$z(OCoLC)213771947
=035  \\$a(DNAL)349483-naldb-Voyager
=035  \\$z(OCoLC)213771947
=040  \\$aRQF$beng$cRQF$dAGL$dORU$dVIC$dOCLCQ$dOCLCO$dOCLCA
=049  \\$aAGLY
=070  0\$a1$bAg84M no.1019 1967
=072  \0$aC100
=072  \0$aT000
=086  0\$aA 1.38:1019/2
=245  00$aResearch careers in nutrition, food science, and food economics.
=250  \\$aRev. Mar. 1967.
=260  \\$aWashington, D.C. :$bAgricultural Research Service, U.S. Dept. of Agriculture,$c1967.
=300  \\$a1 folded sheet (4 pages) :$billustrations ;$c26 x 41 cm, folded to 26 x 10 cm.
=336  \\$atext$btxt$2rdacontent
=337  \\$aunmediated$bn$2rdamedia
=338  \\$asheet$bnb$2rdacarrier
=490  1\$aMiscellaneous publication / United States Department of Agriculture ;$vno. 1019
=591  \\$bNAL Reclamation
=593  \\$fAgricola CAT
=650  \0$aNutrition$xResearch$xVocational guidance.
=650  \0$aDiet$xResearch$xVocational guidance.
=655  \3$aInternet resource.
=710  1\$aUnited States.$bAgricultural Research Service.
=830  \0$aMiscellaneous publication (United States. Department of Agriculture) ;$vno. 1019.
=841  \\$ax   $b8709220u    0   4   uu   1870922$ez
=852  \\$aDNAL$i1 Ag84M no.1019 1967
=856  41$uhttps://archive.org/details/researchcareersi1019unit_0
=912  \\$analcatalog
=930  \\$a20140305$b20140404$c00000000
=945  \\$aUIU
=945  \\$p14
=945  \\$aDigiMet
=946  \\$aUSDA
=994  \\$a92$bAGL

