=LDR  01847cam a2200493Ia 4500
=001  9915427686207426
=005  20240624164556.0
=008  890419s1959\\\\dcuae\\\\\\\\f000\0\eng\d
=016  7\$aCAT10308636$2DNAL
=035  \\$a349469
=035  \\$a(OCoLC)15727578
=035  \\$a(DNAL)349469-naldb-Voyager
=040  \\$aRQF$beng$cRQF$dAGL$dVIC$dOCLCQ$dOCLCF$dOCLCO$dOCLCA$dGILDS
=049  \\$aAGLY
=050  \0$aS21$b.A46 no.791
=070  0\$a1$bAg84M no.791
=072  \0$aL200
=072  \0$aN100
=086  0\$aA 1.38:791
=245  00$aPermanent breeding rack for cattle.
=260  \\$aWashington, D.C. :$bU.S. Dept. of Agriculture,$c1959.
=300  \\$a1 sheet [2] pages :$billustrations, plans ;$c28 cm.
=336  \\$atext$btxt$2rdacontent
=337  \\$aunmediated$bn$2rdamedia
=338  \\$asheet$bnb$2rdacarrier
=490  1\$aMiscellaneous publication / United States Department of Agriculture ;$vno. 791
=591  \\$bNAL Reclamation
=593  \\$fAgricola CAT
=650  \0$aCattle$xBreeding.$0http://id.loc.gov/authorities/subjects/sh85021295
=650  \0$aCattle$xEquipment and supplies.$0http://id.loc.gov/authorities/subjects/sh85021318
=655  \3$aInternet resource.
=655  \4$aDesigns and plans.
=710  1\$aUnited States.$bDepartment of Agriculture.
=776  08$iOnline version:$tPermanent breeding rack for cattle.$dWashington, D.C. : U.S. Dept. of Agriculture, 1959$w(OCoLC)755038263
=830  \0$aMiscellaneous publication (United States. Department of Agriculture) ;$vno. 791.
=841  \\$ax$b8709220u    0   4   uu   1870922$ez
=852  \\$aDNAL$i1 Ag84M no.791
=856  41$uhttps://archive.org/details/permanentbreedin791unit
=912  \\$analcatalog
=930  \\$a20140305$b20140404$c00000000
=945  \\$aUIU
=945  \\$p8
=945  \\$aDigiMet
=946  \\$aUSDA
=959  \\$c2013-04-02$essouder$gap
=994  \\$a92$bAGL

