=LDR  01890cam a2200517Ia 4500
=001  9915427814007426
=005  20240624164639.0
=008  890419s1968\\\\dcuae\\\\\\\\f000\0\eng\d
=016  7\$aCAT10309431$2DNAL
=019  \\$a213772826
=035  \\$a349805
=035  \\$a(OCoLC)15874003$z(OCoLC)213772826
=035  \\$a(DNAL)349805-naldb-Voyager
=035  \\$z(OCoLC)213772826
=040  \\$aRQF$beng$cRQF$dAGL$dVIC$dOCLCQ$dPHA$dOCLCA$dOCLCQ$dOCLCO$dOCLCA$dOCLCF$dOCLCO$dOCLCA$dSFR$dOCL$dGPO$dWURST
=049  \\$aAGLY
=050  \0$aS21$b.A46 no.1074
=070  0\$a1$bAg84M no.1074
=072  \0$aU100
=074  \\$a0013-A
=086  0\$aA 1.38:1074
=245  00$aCabin :$bwith dormitory loft.
=260  \\$aWashington, D.C. :$bU.S. Dept. of Agriculture,$c1968.
=300  \\$a1 sheet (2 pages) :$billustrations, plans ;$c28 cm.
=336  \\$atext$btxt$2rdacontent
=337  \\$aunmediated$bn$2rdamedia
=338  \\$asheet$bnb$2rdacarrier
=490  1\$aMiscellaneous publication / United States Department of Agriculture ;$vno. 1074
=591  \\$bNAL Reclamation
=593  \\$fAgricola CAT
=650  \0$aVacation homes$vDesigns and plans.
=650  \0$aDwellings$vDesigns and plans.
=655  \3$aInternet resource.
=655  \7$aArchitectural drawings.$2fast$0(OCoLC)fst01986246
=710  1\$aUnited States.$bDepartment of Agriculture.
=776  08$iOnline version:$tCabin.$dWashington, D.C. : U.S. Dept. of Agriculture, 1968$w(OCoLC)760049535
=830  \0$aMiscellaneous publication (United States. Department of Agriculture) ;$vno. 1074.
=841  \\$ax$b8709220u    0   4   uu   1870922$ez
=852  \\$aDNAL$i1 Ag84M no.1074
=856  41$uhttps://archive.org/details/cabinwithdormito1074unit
=912  \\$analcatalog
=930  \\$a20140305$b20140404$c00000000
=945  \\$aUIU
=945  \\$p8
=945  \\$aDigiMet
=946  \\$aUSDA
=959  \\$c2013-04-02$essouder$gap
=994  \\$a92$bAGL

