=LDR  01859cam a2200469Ia 4500
=001  9915427832007426
=005  20240620142146.0
=008  890419s1962\\\\dcuae\\\\\\\\f000\0\eng\d
=016  7\$aCAT10309034$2DNAL
=019  \\$a213773133
=035  \\$a349786
=035  \\$a(OCoLC)15794243$z(OCoLC)213773133
=035  \\$a(DNAL)349786-naldb-Voyager
=035  \\$z(OCoLC)213773133
=040  \\$aRQF$beng$cRQF$dAGL$dIUL$dOCLCQ$dOCLCF$dOCLCO$dOCLCA$dSFR$dOCLCA
=049  \\$aAGLY
=070  0\$a1$bAg84M no.912
=072  \0$aN100
=086  0\$aA 1.38:912
=245  00$a3-bedroom farmhouse :$bslab-on-grade, frame construction /$c[developed by Agricultural Engineering Research Division, Clothing and Housing Research Division].
=246  3\$aThree bedroom farmhouse, slab on grade, frame construction
=260  \\$aWashington, D.C. :$bU.S. Dept. of Agriculture,$c1962.
=300  \\$a1 sheet (2 pages) :$billustrations, plans ;$c28 cm.
=336  \\$atext$btxt$2rdacontent
=337  \\$aunmediated$bn$2rdamedia
=338  \\$asheet$bnb$2rdacarrier
=490  1\$aMiscellaneous publication / United States Department of Agriculture ;$vno. 912
=591  \\$bNAL Reclamation
=593  \\$fAgricola CAT
=650  \0$aFarmhouses$xDesign and construction.
=655  \3$aInternet resource.
=710  1\$aUnited States.$bAgricultural Research Service.
=776  08$iOnline version:$t3-bedroom farmhouse.$dWashington, D.C. : U.S. Dept. of Agriculture, 1962$w(OCoLC)760253400
=830  \0$aMiscellaneous publication (United States. Department of Agriculture) ;$vno. 912.
=841  \\$ax   $b8709220u    0   4   uu   1870922$ez
=852  \\$aDNAL$i1 Ag84M no.912
=856  41$uhttps://archive.org/details/3bedroomfarmhous912unit
=912  \\$analcatalog
=930  \\$a20140305$b20140404$c00000000
=945  \\$aUIU
=945  \\$p8
=945  \\$aDigiMet
=946  \\$aUSDA
=994  \\$a92$bAGL

