=LDR  01865cam a2200505I  4500
=001  9915428306907426
=005  20240624165736.0
=008  850825s1913\\\\maua\\\\\\\\\\000\0\eng\\
=010  \\$a   13122293 
=016  7\$aCAT10724008$2DNAL
=019  \\$a1181129828
=035  \\$a610413
=035  \\$a(OCoLC)02485632$z(OCoLC)1181129828
=035  \\$a(DNAL)610413-naldb-Voyager
=035  \\$z(OCoLC)1181129828
=040  \\$aDLC$beng$cOHI$dOCL$dAGL$dKRTAS$dOCLCF$dOCLCQ$dOCLCO
=049  \\$aRQIB
=050  \0$aSF487$b.R6582
=070  0\$a47$bR56O
=072  \0$aL100
=100  1\$aRobinson, John Henry,$d1863-1935.
=245  10$aOur domestic birds;$belementary lessons in aviculture,$cby John H. Robinson.
=260  \\$aBoston,$aNew York$bGinn and Company$c[©1913]
=300  \\$ax, 317 pages$bincluding frontispiece, illustrations$c20 cm
=336  \\$atext$btxt$2rdacontent
=337  \\$aunmediated$bn$2rdamedia
=338  \\$avolume$bnc$2rdacarrier
=591  \\$bNAL Reclamation
=593  \\$fAgricola CAT
=650  \0$aPoultry.$0http://id.loc.gov/authorities/subjects/sh85105892
=650  \0$aPigeons.$0http://id.loc.gov/authorities/subjects/sh85102085
=650  \0$aCage birds.$0http://id.loc.gov/authorities/subjects/sh85018692
=655  \3$aInternet resource.
=776  08$iOnline version:$aRobinson, John Henry, 1863-1935.$tOur domestic birds.$dBoston, New York [etc.] Ginn and company [©1913]$w(OCoLC)613015155
=856  41$uhttps://archive.org/details/ourdomesticbirds00robi_0
=911  \\$ichl00017896
=912  \\$analcatalog
=930  \\$a20160804$b20160902$c00000000
=938  \\$aKirtas Technologies, Inc.$bKRTS$n676444
=939  \\$a20140702$b20140807$c00000000
=939  \\$a20120911$b20121009$c00000000
=945  \\$aDigiMet
=945  \\$p336
=946  \\$aOther US
=959  \\$c2012-09-11$earojas$gap
=959  \\$c2016-08-04$emlydon$gap
=994  \\$a92$bAGL

