=LDR  05385cas a2200973 a 4500
=001  9915429311807426
=005  20240624170033.0
=008  970227d18941992dcuar\\\\\\\\f0\\\a0eng\c
=010  \\$aagr31001035 
=012  \\$b3$en$j1
=016  7\$aCAT10268363$2DNAL
=019  \\$a1695512$a11312071$a14561424
=022  0\$a0082-9803$l0082-9803$21
=035  \\$a792023
=035  \\$a(OCoLC)01483840$z(OCoLC)1695512$z(OCoLC)11312071$z(OCoLC)14561424
=035  \\$a(DNAL)792023-naldb-Voyager
=035  \\$z(OCoLC)1695512$z(OCoLC)11312071$z(OCoLC)14561424
=040  \\$aUDI$beng$cUDI$dCOO$dNSD$dIUL$dGPO$dOCL$dGPO$dNSD$dNST$dHUL$dGPO$dOCL$dIUL$dGPO$dAGL$dIUL$dOCLCQ$dIUL$dCUV$dKRTAS$dOCLCQ$dOCLCA$dOCLCQ$dIAD$dOCLCA$dOCLCF$dOCLCO$dOCLCQ$dOCLCO$dOCLCA$dGILDS$dOCLCO$dGPO$dOCLCA
=042  \\$ansdp$apcc
=043  \\$an-us---
=049  \\$aAGLL
=050  00$aS21$b.A
=070  0\$a1$bAg84
=072  \0$aA000
=086  0\$aA 1.1:
=110  1\$aUnited States.$bDepartment of Agriculture.
=210  0\$aRep. Secret. Agric.
=222  \0$aReport of the Secretary of Agriculture
=245  10$aReport of the Secretary of Agriculture /$cU.S. Department of Agriculture.
=246  15$aSecretary of Agriculture reports on the work of the United States Department of Agriculture for the year ...$f1954
=260  \\$aWashington :$bG.P.O.,$c1894-1992.
=300  \\$a99 volumes :$billustrations ;$c24-28 cm.
=310  \\$aAnnual
=336  \\$atext$btxt$2rdacontent
=337  \\$aunmediated$bn$2rdamedia
=338  \\$avolume$bnc$2rdacarrier
=362  0\$a1894-1992.
=490  1\$a1902-1907, and [abridged ed.] 1908-1910: Report / U.S. Department of Agriculture
=520  \\$aContains administrative report only.
=525  \\$aReports for 1908-1910 accompanied by abridged ed.
=530  \\$aDistributed to depository libraries in microfiche.
=580  \\$aReports for 1894-1936 appear also in: Yearbook of the United States Department of Agriculture, 1894-1922; Agriculture yearbook, 1923-1925; Yearbook of agriculture (Washington, D.C. : 1926), 1926-1937; 1894-1923 also in its: Report of the secretary of Agriculture, being part of the message and documents communicated to the two HOuses of Congress, 1894-1896; Annual reports of the Department of Agriculture, 1897-1923.
=590  \\$aAvailable on microfilm in NAL (call no: Film-S198).
=591  \\$bNAL Reclamation
=593  \\$fAgricola CAT
=610  10$aUnited States.$bDepartment of Agriculture$vPeriodicals.
=610  17$aUnited States.$bDepartment of Agriculture$2fast$0(OCoLC)fst01852329
=650  \0$aAgriculture$zUnited States$vPeriodicals.
=651  \7$aUnited States.$2fast$0(OCoLC)fst01204155
=655  \3$aInternet resource.
=655  \7$aPeriodicals.$2fast$0(OCoLC)fst01411641
=655  \7$aPeriodicals.$2lcgft$0http://id.loc.gov/authorities/genreForms/gf2014026139
=710  1\$aUnited States.$bDepartment of Agriculture.$bOffice of the Secretary.$0http://id.loc.gov/authorities/names/n50063384
=710  1\$aUnited States.$bDepartment of Agriculture.$bOffice of Public Affairs (1989- )
=776  08$iMicrofiche version:$aUnited States. Department of Agriculture.$tReport of the Secretary of Agriculture$w(DLC)sn 92040904$w(OCoLC)26234801
=776  08$iOnline version:$aUnited States. Department of Agriculture.$tReport of the Secretary of Agriculture$w(DLC)  2020230262$w(OCoLC)1061317379
=780  01$aUnited States. Department of Agriculture.$sReport of the Secretary of Agriculture (1889).$tReport of the Secretary of Agriculture$w(DLC)  2007238433$w(OCoLC)100113748
=785  00$aUnited States. Department of Agriculture.$tAnnual report of the Secretary of Agriculture$w(DLC)sn 97015129$w(OCoLC)33252069
=787  1\$aUnited States. Department of Agriculture.$tReport of the Secretary of Agriculture, being part of the message and documents communicated to the two Houses of Congress$g1894-1896$w(DLC)  2007238432$w(OCoLC)100385844
=787  1\$aUnited States. Department of Agriculture.$tAnnual reports of the Department of Agriculture for the fiscal year ended .$g1897-1923$x0889-8774$w(DLC)agr09000987$w(OCoLC)5270272
=787  1\$tYearbook of the United States Department of Agriculture$g1894-1922$x1933-432X$w(DLC)   86659523$w(OCoLC)2288725
=787  1\$tAgriculture yearbook$g1923-1925$x1933-4311$w(DLC)   86659525$w(OCoLC)2288694
=787  1\$tYearbook of agriculture (Washington, D.C. : 1926)$g1926-1937$x0084-3628$w(DLC)   04018127$w(OCoLC)2289136
=830  \0$aReport (United States. Department of Agriculture)
=850  \\$aCaAEU$aDNAL$aInU$aMH-L$aPU-W
=852  \\$aDNAL$i1 AG84A
=856  41$uhttps://archive.org/details/usda-reportofsecretaryofagriculture
=912  \\$analcatalog
=930  \\$a20160614$b20160701$c00000000
=938  \\$aKirtas Technologies, Inc.$bKRTS$n394156
=939  \\$a20150902$b20151002$c00000000
=939  \\$a20140115$b20140207$c00000000
=939  \\$a20130201$b20130201$c00000000
=939  \\$a20090423$b20090508$c00000000
=939  \\$a20060731$b20060804$c00000000
=939  \\$a19970303$b19970307$c00000000
=945  \\$dal$e95/10/05$fmd$g97/02/27
=945  \\$p52
=945  \\$aDigiMet
=945  \\$p80
=945  \\$aDigiMet
=945  \\$p670
=945  \\$aDigiMet
=945  \\$p92
=945  \\$aDigiMet
=945  \\$p164
=945  \\$aDigiMet
=945  \\$p56
=945  \\$aDigiMet
=945  \\$p108
=945  \\$aDigiMet
=945  \\$p340
=945  \\$aDigiMet
=945  \\$p1464
=945  \\$aDigiMet
=945  \\$p68
=945  \\$aDigiMet
=945  \\$p240
=945  \\$aDigiMet
=945  \\$p44
=945  \\$aDigiMet
=945  \\$p70
=945  \\$aDigiMet
=945  \\$p64
=945  \\$aDigiMet
=945  \\$p32
=945  \\$aDigiMet
=945  \\$p80
=945  \\$aDigiMet
=945  \\$p560
=945  \\$aDigiMet
=945  \\$p152
=945  \\$aDigiMet
=945  \\$p782
=945  \\$aDigiMet
=945  \\$p1064
=945  \\$aDigiMet
=945  \\$p1288
=945  \\$aDigiMet
=945  \\$p602
=945  \\$aDigiMet
=945  \\$p184
=945  \\$aDigiMet
=945  \\$p96
=945  \\$aDigiMet
=945  \\$p76
=945  \\$aDigiMet
=945  \\$p736
=945  \\$aDigiMet
=945  \\$p94
=945  \\$aDigiMet
=945  \\$p72
=945  \\$aDigiMet
=945  \\$p120
=945  \\$aDigiMet
=945  \\$p1024
=945  \\$aDigiMet
=945  \\$p640
=945  \\$aDigiMet
=945  \\$p208
=945  \\$aDigiMet
=945  \\$p81
=945  \\$aDigiMet
=945  \\$p92
=945  \\$aDigiMet
=945  \\$p56
=945  \\$aDigiMet
=945  \\$p758
=945  \\$aDigiMet
=945  \\$p116
=945  \\$aDigiMet
=945  \\$p268
=945  \\$aDigiMet
=945  \\$p124
=945  \\$aDigiMet
=945  \\$p60
=945  \\$aDigiMet
=945  \\$p880
=945  \\$aDigiMet
=945  \\$p140
=945  \\$aDigiMet
=945  \\$p156
=945  \\$aDigiMet
=945  \\$p736
=945  \\$aDigiMet
=945  \\$p240
=945  \\$aDigiMet
=945  \\$p188
=945  \\$aDigiMet
=945  \\$p606
=945  \\$aDigiMet
=945  \\$p1100
=945  \\$aDigiMet
=945  \\$p48
=945  \\$aDigiMet
=945  \\$p189
=945  \\$aDigiMet
=945  \\$p96
=945  \\$aDigiMet
=945  \\$p96
=945  \\$aDigiMet
=945  \\$p96
=945  \\$aDigiMet
=945  \\$p60
=945  \\$aDigiMet
=945  \\$p164
=945  \\$aDigiMet
=945  \\$p88
=945  \\$aDigiMet
=945  \\$p52
=945  \\$aDigiMet
=945  \\$p30
=945  \\$aDigiMet
=945  \\$p264
=945  \\$aDigiMet
=945  \\$p64
=945  \\$aDigiMet
=945  \\$p110
=945  \\$aDigiMet
=945  \\$p1930
=945  \\$aDigiMet
=945  \\$p1980
=945  \\$aDigiMet
=945  \\$p86
=945  \\$aDigiMet
=945  \\$p32
=945  \\$aDigiMet
=945  \\$p60
=945  \\$aDigiMet
=945  \\$p56
=945  \\$aDigiMet
=945  \\$p116
=945  \\$aDigiMet
=945  \\$p124
=945  \\$aDigiMet
=946  \\$aUSDA
=959  \\$c2014-01-15$essouder$gurl
=959  \\$c2013-04-02$essouder$gap
=959  \\$c2009-04-23$edgoldber$gaccadd
=959  \\$c2013-02-01$ejgilbert$gap
=959  \\$c2015-09-02$earojas$gurlc
=994  \\$a92$bAGL

