=LDR  01682cam a2200445Ia 4500
=001  9915429934107426
=005  20240620145644.0
=008  980406s1947\\\\dcub\\\\\\\\\f000\0\eng\d
=016  7\$aCAT10844993$2DNAL
=035  \\$a811361
=035  \\$a(OCoLC)26728889
=035  \\$a(DNAL)811361-naldb-Voyager
=040  \\$aZCU$beng$cZCU$dAGL$dFUG$dNUI$dOCLCQ$dOSU$dOCLCF$dOCLCQ$dOKS
=049  \\$aAGLL
=050  10$aS560$b.U5
=070  0\$a1.941$bL6F22
=072  \0$aL100
=086  0\$aA 36.118:61
=100  1\$aAnderson, Olav F.
=245  10$aDairying in war and peace /$cby Olav F. Anderson.
=260  \\$aWashington, D.C. :$bU.S. Dept. of Agriculture, Bureau of Agricultural Economics,$c[1947]
=300  \\$a61 pages :$bmap ;$c27 cm.
=336  \\$atext$btxt$2rdacontent
=337  \\$aunmediated$bn$2rdamedia
=338  \\$avolume$bnc$2rdacarrier
=490  1\$aF.M. ;$v61
=591  \\$bNAL Reclamation
=593  \\$fAgricola CAT
=650  \0$aDairying.$0http://id.loc.gov/authorities/subjects/sh85035466
=655  \3$aInternet resource.
=710  1\$aUnited States.$bBureau of Agricultural Economics.$0http://id.loc.gov/authorities/names/n80060900
=776  08$iOnline version:$aAnderson, Olav F.$tDairying in war and peace.$dWashington, D.C. : U.S. Dept. of Agriculture, Bureau of Agricultural Economics, [1947]$w(OCoLC)989720059
=830  \0$aFM (United States. Bureau of Agricultural Economics) ;$v61.
=856  41$uhttps://archive.org/details/dairyinginwarpea61ande
=912  \\$analcatalog
=930  \\$a20140812$b20140905$c00000000
=939  \\$a20130211$b20130304$c00000000
=939  \\$a19980502$b19980508$c00000000
=945  \\$aDigiMet
=945  \\$p70
=946  \\$aUSDA
=994  \\$a92$bAGL

