=LDR  02845cam a2200565Ia 4500
=001  9915429959007426
=005  20240624171013.0
=008  890419s1927\\\\dcu\\\\\\b\\\f000\0\eng\c
=010  \\$aagr27000797 
=016  7\$aCAT10306283$2DNAL
=019  \\$a1001160249$a1029927262$a1029994837$a1035271684$a1035300748$a1035342289$a1035342384
=035  \\$a344192
=035  \\$a(OCoLC)05790346$z(OCoLC)1001160249$z(OCoLC)1029927262$z(OCoLC)1029994837$z(OCoLC)1035271684$z(OCoLC)1035300748$z(OCoLC)1035342289$z(OCoLC)1035342384
=035  \\$a(DNAL)344192-naldb-Voyager
=035  \\$z(OCoLC)1001160249$z(OCoLC)1029927262$z(OCoLC)1029994837$z(OCoLC)1035271684$z(OCoLC)1035300748$z(OCoLC)1035342289$z(OCoLC)1035342384
=040  \\$aU.S. Dept. of Agr. Library.$beng$cVXW$dAGL$dOCL$dOCLCQ$dVIC$dOCLCQ$dMTG$dOCLCQ$dOCLCF$dOCLCO$dOCLCA$dOCL
=043  \\$an-us---
=049  \\$aAGLY
=050  00$aZ5075.U5$bU56 1927
=070  \\$a1$bAg84M no.9
=072  \0$aA000
=086  0\$aA 1.38:9
=100  1\$aDoyle, Mabel Hunt,$d1900-
=245  10$aList of publications of the United States Department of Agriculture from January, 1901, to December, 1925, inclusive, compiled with comparison with the originals /$cby Mabel G. Hunt.
=260  \\$aWashington, D.C. :$bU.S. Dept. of Agriculture,$c1927.
=300  \\$av, 182 pages ;$c24 cm.
=336  \\$atext$btxt$2rdacontent
=337  \\$aunmediated$bn$2rdamedia
=338  \\$avolume$bnc$2rdacarrier
=490  1\$aMiscellaneous publication / United States Department of Agriculture ;$vno. 9
=591  \\$bNAL Reclamation
=593  \\$fAgricola CAT
=610  10$aUnited States.$bDepartment of Agriculture$vBibliography.
=610  13$aUnited States.$bDepartment of Agriculture$xPublications.
=610  17$aUnited States.$bDepartment of Agriculture$2fast$0(OCoLC)fst01852329
=650  \0$aAgriculture$vBibliography.$0http://id.loc.gov/authorities/subjects/sh85002420
=655  \3$aInternet resource.
=655  \7$aBibliographies.$2fast$0(OCoLC)fst01919895
=710  1\$aUnited States.$bDepartment of Agriculture.$bOffice of Information.$0http://id.loc.gov/authorities/names/n50063381
=776  08$iOnline version:$aDoyle, Mabel Hunt, 1900-$tList of publications of the United States Department of Agriculture from January, 1901, to December, 1925, inclusive, compiled with comparison with the originals.$dWashington, D.C. : U.S. Dept. of Agriculture, 1927$w(OCoLC)1042250335
=830  \0$aMiscellaneous publication (United States. Department of Agriculture) ;$vno. 9.
=841  \\$ax$b8709220u    0   4   uu   1870922$ez
=852  \\$aDNAL$i1 Ag84M no.9
=856  41$uhttps://archive.org/details/listofpublicatio09doyl
=912  \\$analcatalog
=930  \\$a20140305$b20140404$c00000000
=945  \\$aUIU
=945  \\$p196
=945  \\$aDigiMet
=946  \\$aUSDA
=959  \\$c2013-04-02$essouder$gap
=994  \\$a92$bAGL

