=LDR  03432cam a2200673Ia 4500
=001  9915429990307426
=005  20240624171019.0
=008  890419s1930\\\\dcu\\\\\\b\\\f001\0\eng\d
=016  7\$aCAT10306907$2DNAL
=019  \\$a797158987
=035  \\$a344226
=035  \\$a(OCoLC)08932986$z(OCoLC)797158987
=035  \\$a(DNAL)344226-naldb-Voyager
=035  \\$z(OCoLC)797158987
=040  \\$aMST$beng$cMST$dAGL$dOCL$dIUL$dOCLCQ$dLVB$dNLGGC$dOCLCG$dOCLCA$dOCLCQ$dOCLCO$dOCLCA$dOCLCF$dOCLCO$dLHL$dOCLCQ$dNOC$dOCLCA$dSFR$dOKS$dUAB$dOCLCQ$dAGM$dOCLCO
=043  \\$an-us---
=049  \\$aAGLY
=050  \0$aSB608.F8$bP4 no.12x
=070  \\$a1$bAg84M no.74
=072  \0$aF700
=072  \0$aK001
=086  0\$aA 1.38:74
=100  1\$aCraighead, Frank C.$q(Frank Cooper),$d1890-1982.$0http://id.loc.gov/authorities/names/n85804926
=245  13$aAn annotated list of the important North American forest insects /$ccompiled by F.C. Craighead and William Middleton.
=260  \\$aWashington, D.C. :$bU.S. Dept. of Agriculture,$c1930.
=300  \\$a31 pages ;$c23 cm.
=336  \\$atext$btxt$2rdacontent
=337  \\$aunmediated$bn$2rdamedia
=338  \\$avolume$bnc$2rdacarrier
=490  1\$aMiscellaneous publication / United States Department of Agriculture ;$vno. 74
=504  \\$aIncludes bibliographical references (pages 23-27) and index.
=505  0\$aGovernment projects relating to forest insects. pp. 1 -- The most important forest insects : Tree-killing bark beetles -- Insects boring in living trees -- Insects affecting forest products -- Insects affecting seeds -- Defoliating insects. pp. 3 -- Literature cited. pp. 23 -- Appendix. pp. 27 -- Index. pp. 28.
=520  3\$aThe investigations by the United States Government of the insects affecting forest trees, forest products, and shade trees are centered in the division of forest insects of the Bureau of Entomology. The investigations carried on by the division are grouped for administrative convenience into projects, the most important of which are briefly described in the following paragraphs.
=591  \\$bNAL Reclamation
=593  \\$fAgricola CAT
=650  \0$aTrees$xDiseases and pests.$0http://id.loc.gov/authorities/subjects/sh85137242
=650  \0$aForest insects$zUnited States$vClassification.
=650  \3$aforest pests.
=650  \3$ainsect pests.
=651  \3$aUnited States.
=651  \3$aCanada.
=651  \7$aUnited States.$2fast$0(OCoLC)fst01204155
=655  \3$aInternet resource.
=655  \7$aClassification.$2fast$0(OCoLC)fst01697073
=700  1\$aMiddleton, William,$d1893-1970.$0http://id.loc.gov/authorities/names/no2020027197
=710  1\$aUnited States.$bDepartment of Agriculture.
=776  08$iOnline version:$aCraighead, Frank C. (Frank Cooper), 1890-1982.$tAnnotated list of the important North American forest insects.$dWashington, D.C. : U.S. Dept. of Agriculture, 1930$w(OCoLC)834501783
=830  \0$aMiscellaneous publication (United States. Department of Agriculture) ;$vno. 74.
=841  \\$ax$b8709220u    0   4   uu   1870922$ez
=852  \\$aDNAL$i1 Ag84M no.74
=856  41$uhttps://archive.org/details/annotatedlistofi74crai
=912  \\$analcatalog
=930  \\$a20140305$b20140404$c00000000
=939  \\$a20130122$b20130201$c00000000
=945  \\$aUIU
=945  \\$p36
=945  \\$aDigiMet
=946  \\$aUSDA
=959  \\$c2013-04-02$essouder$gap
=959  \\$c2013-01-22$earojas$gap
=994  \\$a92$bAGL

