=LDR  01908cam a2200505Ia 4500
=001  9915430060107426
=005  20240620145703.0
=008  890419s1931\\\\dcu\\\\\\r\\\f000\0\eng\d
=016  7\$aCAT10306661$2DNAL
=035  \\$a344667
=035  \\$a(OCoLC)15559944
=035  \\$a(DNAL)344667-naldb-Voyager
=040  \\$aRQF$beng$cRQF$dAGL$dOCL$dVIC$dOCLCQ$dOCLCO$dOCLCA$dOCLCF$dOCLCO$dOCLCA
=043  \\$an-us---
=049  \\$aAGLY
=050  \0$aS21$b.A46 no.122
=070  \\$a1$bAg84M no.122
=072  \0$aP000
=072  \0$aD100
=086  0\$aA 1.38:122
=245  00$aOfficials and organizations concerned with wild-life protection, 1931 /$ccompiled by Frank G. Grimes.
=260  \\$aWashington, D.C. :$bU.S. Dept. of Agriculture,$c1931.
=300  \\$a13 pages ;$c23 cm.
=336  \\$atext$btxt$2rdacontent
=337  \\$aunmediated$bn$2rdamedia
=338  \\$avolume$bnc$2rdacarrier
=490  1\$aMiscellaneous publication / United States Department of Agriculture ;$vno. 122
=591  \\$bNAL Reclamation
=593  \\$fAgricola CAT
=650  \0$aWildlife conservation$zUnited States$vDirectories.
=651  \7$aUnited States.$2fast$0(OCoLC)fst01204155
=655  \3$aInternet resource.
=655  \7$aDirectories.$2fast$0(OCoLC)fst01423796
=700  1\$aGrimes, Frank G.
=710  1\$aUnited States.$bDepartment of Agriculture.
=776  08$iOnline version:$tOfficials and organizations concerned with wild-life protection, 1931.$dWashington, D.C. : U.S. Dept. of Agriculture, 1931$w(OCoLC)834501819
=830  \0$aMiscellaneous publication (United States. Department of Agriculture) ;$vno. 122.
=841  \\$ax   $b8709220u    0   4   uu   1870922$ez
=852  \\$aDNAL$i1 Ag84M no.122
=856  41$uhttps://archive.org/details/officialsorganiz122grim
=912  \\$analcatalog
=930  \\$a20140305$b20140404$c00000000
=945  \\$aUIU
=945  \\$p20
=945  \\$aDigiMet
=946  \\$aUSDA
=994  \\$a92$bAGL

