=LDR  02232cam a2200529Ia 4500
=001  9915430084207426
=005  20240620145725.0
=007  he\bmb024bbca
=008  981029s1996\\\\utua\\\\bb\\\\000\0\eng\d
=016  7\$aCAT10857010$2DNAL
=019  \\$a1225750031
=035  \\$a811001
=035  \\$a(OCoLC)38866461$z(OCoLC)1225750031
=035  \\$a(DNAL)811001-naldb-Voyager
=035  \\$z(OCoLC)1225750031
=040  \\$aGPO$beng$cGPO$dOCLCQ$dMTG$dOCLCF$dOCLCQ$dUOK$dTKN$dAGL
=049  \\$aAGLL
=050  \0$aSD11.E23$bP3 no.INT-RP-486
=070  0\$aFiche$bS-133 (A 13.78:INT-RP-486 )
=072  \0$aP200
=074  \\$a0083-B-06 (MF)
=086  0\$aA 13.78:INT-RP-486
=100  1\$aKetcheson, Gary.$0http://id.loc.gov/authorities/names/n78067110
=245  10$aSediment production and downslope sediment transport from forest roads in granite watersheds /$cGary L. Ketcheson, Walter F. Megahan.
=260  \\$a[Ogden, UT] (324 25th St., Ogden 84401) :$bU.S. Dept. of Agriculture, Forest Service, Intermountain Research Station,$c[1996]
=300  \\$a11 pages :$billustrations ;$c28 cm.
=336  \\$atext$btxt$2rdacontent
=337  \\$amicroform$bh$2rdamedia
=338  \\$amicrofiche$bhe$2rdacarrier
=490  1\$aResearch paper INT ;$vRP-486
=504  \\$aIncludes bibliographical references (pages 10-11).
=533  \\$aMicrofiche.$b[Washington, D.C.] :$cSupt. of Docs., U.S. G.P.O.,$d[1997].$e1 microfiche : negative.
=591  \\$bNAL Reclamation
=593  \\$fAgricola CAT
=650  \0$aSedimentation and deposition.$0http://id.loc.gov/authorities/subjects/sh85119506
=650  \0$aGranite.$0http://id.loc.gov/authorities/subjects/sh85056417
=650  \0$aForest roads.$0http://id.loc.gov/authorities/subjects/sh85050676
=655  \3$aInternet resource.
=700  1\$aMegahan, Walter F.$0http://id.loc.gov/authorities/names/n81121915
=710  2\$aIntermountain Research Station (Ogden, Utah)$0http://id.loc.gov/authorities/names/n85066590
=830  \0$aResearch paper INT ;$v486.
=856  41$uhttps://archive.org/details/sedimentproducti486ketc
=912  \\$analcatalog
=930  \\$a20140305$b20140404$c00000000
=939  \\$a19981102$b19981110$c00000000
=945  \\$aDigiMet
=945  \\$p20
=946  \\$aUSDA
=994  \\$a92$bAGL

