=LDR  03561cam a2200613Ia 4500
=001  9915430201907426
=005  20240620145816.0
=008  890419s1928\\\\dcua\\\\\b\\\f000\0\eng\d
=016  7\$aCAT10306494$2DNAL
=019  \\$a796997392
=035  \\$a344645
=035  \\$a(OCoLC)15540356$z(OCoLC)796997392
=035  \\$a(DNAL)344645-naldb-Voyager
=035  \\$z(OCoLC)796997392
=040  \\$aRQF$beng$cRQF$dAGL$dVIC$dOCLCQ$dLVB$dOCLCG$dOCLCQ$dOCLCO$dLHL$dOCLCA$dOCLCF$dNOC$dOCLCA$dSFR$dOCLCA$dAGM$dOCLCO$dOCLCA$dUAB$dOCLCO
=043  \\$an-us-id
=049  \\$aAGLY
=050  \0$aS21$b.A46 no.29
=070  \\$a1$bAg84M no.29
=072  \0$aK810
=086  0\$aA 1.38:29
=100  1\$aGisborne, Harry Thomas,$d1893-1949.$0http://id.loc.gov/authorities/names/n83143106
=245  10$aMeasuring forest-fire danger in northern Idaho /$c[by H.T. Gisborne].
=246  30$aMeasuring forest fire danger in northern Idaho
=260  \\$aWashington, D.C. :$bU.S. Dept. of Agriculture,$c1928.
=300  \\$a64 pages :$billustrations ;$c23 cm.
=336  \\$atext$btxt$2rdacontent
=337  \\$aunmediated$bn$2rdamedia
=338  \\$avolume$bnc$2rdacarrier
=490  1\$aMiscellaneous publication / United States Department of Agriculture ;$vno. 29
=504  \\$aIncludes bibliographical references (pages 62-63).
=505  0\$aForest-fire studies, past and present -- basis of the present study. pp. 1 -- Fundamentals of combustion. pp. 5 -- Ignition of fuels. pp. 12 -- Methods of measuring duff moisture content. pp. 19 -- Effects of weather elements on duff. pp. 21 -- Limitations of application of weather measurements. pp. 46 -- Forecasting fire danger. pp. 48 -- Summary. pp. 55 -- Appendix. The duff hygrometer. pp. 58 -- Literature cited. pp. 62.
=520  3\$aFire is a natural phenomenon, occurring in accordance with natural laws. The first problem in dealing with fire is, therefore, to discover these laws; and this naturally resolves itself into the problem of isolating and measuring each factor that influences fire and determining its relative importance. The ultimate scope of forest-fire studies is limited only by the number of these factors.
=520  3\$aIn northern Idaho and western Montana the most import of all natural variables appears to be the amount of moisture in the fuels, since this controls the ease of ignition and the rate of combustion and hence the degree of flammability of the forest. Tests have shown that the various degrees of flammability of the duff may be distinguished according to the moisture content of the duff, as measured by the duff hygrometer.
=591  \\$bNAL Reclamation
=593  \\$fAgricola CAT
=650  \0$aForest fires$zIdaho$xPrevention.
=650  \0$aForest protection$zIdaho.
=650  \3$afire hazard.
=650  \3$ameteorological parameters.
=651  \3$aIdaho.
=651  \7$aIdaho.$2fast$0(OCoLC)fst01211709
=655  \3$aInternet resource.
=710  1\$aUnited States.$bDepartment of Agriculture.
=776  08$iOnline version:$aGisborne, Harry Thomas, 1893-1949.$tMeasuring forest-fire danger in northern Idaho.$dWashington, D.C. : U.S. Dept. of Agriculture, 1928$w(OCoLC)778395574
=830  \0$aMiscellaneous publication (United States. Department of Agriculture) ;$vno. 29.
=841  \\$ax   $b8709220u    0   4   uu   1870922$ez
=852  \\$aDNAL$i1 Ag84M no.29
=856  41$uhttps://archive.org/details/measuringforestf29gisb
=912  \\$analcatalog
=930  \\$a20140305$b20140404$c00000000
=945  \\$aUIU
=945  \\$p72
=945  \\$aDigiMet
=946  \\$aUSDA
=994  \\$a92$bAGL

