=LDR  02945cam a2200625Ia 4500
=001  9915430225407426
=005  20240620145831.0
=008  890419s1930\\\\dcubf\\\\\\\\f000\0\eng\d
=016  7\$aCAT10306567$2DNAL
=019  \\$a797114095
=035  \\$a344339
=035  \\$a(OCoLC)15546681$z(OCoLC)797114095
=035  \\$a(DNAL)344339-naldb-Voyager
=035  \\$z(OCoLC)797114095
=040  \\$aRQF$beng$cRQF$dAGL$dIUL$dOCLCQ$dOCLCO$dLHL$dOCLCQ$dOCLCA$dSFR$dOCLCF$dAGM
=043  \\$an-us-nc
=049  \\$aAGLY
=050  \0$aS21$b.A46 no.61
=070  \\$a1$bAg84M no.61
=072  \0$aK120
=086  0\$aA 1.38:61
=100  1\$aHaasis, Ferdinand W.$q(Ferdinand Wead),$d1889-
=245  10$aForest plantations at Biltmore, North Carolina /$cby Ferdinand W. Haasis.
=260  \\$aWashington, D.C. :$bU.S. Dept. of Agriculture,$c1930.
=300  \\$a30 pages, 11 pages of plates :$b1 map ;$c23 cm.
=336  \\$atext$btxt$2rdacontent
=337  \\$aunmediated$bn$2rdamedia
=338  \\$avolume$bnc$2rdacarrier
=490  1\$aMiscellaneous publication / United States Department of Agriculture ;$vno. 61
=505  0\$aPioneering in American forest planting. pp. 1.
=505  0\$aStatistical summary of the plantations. pp. 3.
=505  0\$aSome noteworthy plantations. pp. 8.
=505  0\$aPlanting costs. pp. 13.
=505  0\$aResults of the species planted. pp. 14.
=505  0\$aFactors affecting the success in the planted trees. pp. 23.
=505  0\$aThinning operations. pp. 27.
=505  0\$aThe plantations as a guide to future planting. pp. 29.
=520  3\$aThe forest plantations in the Biltmore Estate, near Biltmore and Asheville, N.C., represent one of the earliest large-scale reforestation projects under private initiative in this country. Planting and seed-sowing operations were begun there about 40 years ago, in 1890, and the work was continued until about 1911. The resulting stands present an excellent opportunity to study the success or failure of forest planting with a large number of species in this part of the southern Appalachian region.
=591  \\$bNAL Reclamation
=593  \\$fAgricola CAT
=650  \0$aTree farms$zNorth Carolina$zBiltmore.
=650  \0$aForests and forestry$zNorth Carolina$zBiltmore.
=650  \3$aforest plantations.
=651  \3$aNorth Carolina.
=655  \3$aInternet resource.
=776  08$iOnline version:$aHaasis, Ferdinand W. (Ferdinand Wead), 1889-$tForest plantations at Biltmore, North Carolina.$dWashington, D.C. : U.S. Dept. of Agriculture, 1930$w(OCoLC)985714353
=830  \0$aMiscellaneous publication (United States. Department of Agriculture) ;$vno. 61.
=841  \\$ax   $b8709220u    0   4   uu   1870922$ez
=852  \\$aDNAL$i1 Ag84M no.61
=856  41$uhttps://archive.org/details/forestplantation61haas
=912  \\$analcatalog
=930  \\$a20140305$b20140404$c00000000
=945  \\$aUIU
=945  \\$p50
=945  \\$aDigiMet
=946  \\$aUSDA
=994  \\$a92$bAGL

