=LDR  02149cam a2200565Ia 4500
=001  9915432401807426
=005  20240620153220.0
=007  he\bmb024baca
=008  950320s1994\\\\utua\\\\bb\\\f000\0\eng\d
=016  7\$aCAT10693652$2DNAL
=019  \\$a1225675642
=035  \\$a718840
=035  \\$a(OCoLC)32170269$z(OCoLC)1225675642
=035  \\$a(DNAL)718840-naldb-Voyager
=035  \\$z(OCoLC)1225675642
=040  \\$aGPO$beng$cGPO$dAGL$dOCLCQ$dOCLCF$dOCLCQ$dOCLCO$dOCLCQ$dUOK$dOCLCA
=043  \\$an-us-ut
=049  \\$aAGLL
=050  \0$aSD144.A118$bA2 no.478
=070  0\$aFiche$bS-133 (A 13.78:INT-RP-478)
=072  \0$aK100
=074  \\$a0083-B (MF)
=086  0\$aA 13.78:INT-RP-478
=100  1\$aMueggler, W. F.
=245  10$aSixty years of change in tree numbers and basal area in central Utah aspen stands /$cWalter F. Mueggler.
=246  3\$a60 years of change in tree numbers and basal area in central Utah aspen stands
=260  \\$aOgden, UT (324 25th St., Ogden 84401) :$bU.S. Dept. of Agriculture, Forest Service, Intermountain Research Station,$c[1994]
=300  \\$a11 pages :$billustrations.
=336  \\$atext$btxt$2rdacontent
=337  \\$amicroform$bh$2rdamedia
=338  \\$amicrofiche$bhe$2rdacarrier
=490  1\$aResearch paper INT ;$vRP-478
=504  \\$aIncludes bibliographical references (pages 10-11).
=533  \\$aMicrofiche.$b[Washington, D.C.?] :$cSupt. of Docs., U.S. G.P.O.,$d[1994].$e1 microfiche : negative.
=591  \\$bNAL Reclamation
=593  \\$fAgricola CAT
=650  \0$aAspen$zUtah$xGrowth.
=650  \0$aForest site quality$zUtah.
=650  \0$aTree trunks$zUtah$xMeasurement.
=651  \7$aUtah.$2fast$0(OCoLC)fst01204563
=655  \3$aInternet resource.
=710  2\$aIntermountain Research Station (Ogden, Utah)$0http://id.loc.gov/authorities/names/n85066590
=830  \0$aResearch paper INT ;$v478.
=856  41$uhttps://archive.org/details/sixtyyearsofchan478mueg
=912  \\$analcatalog
=930  \\$a20140305$b20140404$c00000000
=939  \\$a19950501$b19950505$c00000000
=945  \\$dCM$e95/04/05$fCM$g95/04/06
=945  \\$p20
=945  \\$aDigiMet
=946  \\$aUSDA
=994  \\$a92$bAGL

