=LDR  01432cam a2200421 a 4500
=001  9915432441507426
=005  20240624171312.0
=008  890419s1969\\\\dcua\\\\\\\\\f00000\eng\d
=016  7\$aCAT10309399$2DNAL
=035  \\$90309-39960
=035  \\$a(OCoLC)ocm15926371 890419
=035  \\$a350267
=035  \\$a(DNAL)350267-naldb-Voyager
=040  \\$aRQF$cRQF$dAGL
=049  \\$aAGLY
=070  0\$a1$bAg84M no.1133
=072  \0$aE700
=072  \0$aQ000
=245  00$aFood costs, retail, farm, marketing.
=260  0\$aWashington, D.C. :$bU.S. Dept. of Agriculture,$c1969.
=300  \\$a15 p. :$bill. ;$c24 cm.
=490  0\$aMiscellaneous publication / United States Department of Agriculture ;$vno. 1133
=500  \\$a"February 1969."
=500  \\$aCover title.
=500  \\$aSupersedes Food costs, retail prices, farm prices, marketing spreads, issued as Miscellaneous publication, No. 856.
=593  \\$fAgricola CAT
=650  \0$aFarm produce$xMarketing.
=650  \0$aFood industry and trade.
=655  \3$aInternet resource
=710  10$aUnited States.$bDepartment of Agriculture.$bEconomic Research Service.
=841  \\$ax$b8709220u    0   4   uu   1870922$ez
=852  \\$aDNAL$i1 Ag84M no.1133
=856  41$uhttps://archive.org/details/foodcostsretailf1133unit
=912  \\$analcatalog
=930  \\$a20140305$b20140404$c00000000
=945  \\$aUIU
=945  \\$p22
=945  \\$aDigiMet
=946  \\$aUSDA
=959  \\$c2013-04-02$essouder$gap

