=LDR  01425cam a2200385I  4500
=001  9915432457807426
=005  20240624171307.0
=008  920621s1909\\\\paua\\\\\\\\\\000\0\eng\d
=016  7\$aCAT10562019$2DNAL
=035  \\$a414553
=035  \\$a(OCoLC)18722211
=035  \\$a(DNAL)414553-naldb-Voyager
=040  \\$aRQI$beng$cRQI$dOCL$dAGL$dOCLCG$dOCLCQ$dOCLCF$dOCLCQ$dOCLCO
=049  \\$aRQIA
=070  0\$a47$bJ62
=072  \0$aL100
=100  1\$aJohnson, A. T.$q(Arthur Tysilio),$d1873-1956.$0http://id.loc.gov/authorities/names/no96052385
=245  10$aChickens and how to raise them.
=260  \\$aPhiladelphia :$bPenn Pub. Co.,$c1909.
=300  \\$a159 pages$billustrations,$c15 cm
=336  \\$atext$btxt$2rdacontent
=337  \\$aunmediated$bn$2rdamedia
=338  \\$avolume$bnc$2rdacarrier
=591  \\$bNAL Reclamation
=593  \\$fAgricola CAT
=650  \0$aPoultry.$0http://id.loc.gov/authorities/subjects/sh85105892
=650  \0$aChickens.$0http://id.loc.gov/authorities/subjects/sh85023298
=655  \3$aInternet resource.
=776  08$iOnline version:$aJohnson, A.T. (Arthur Tysilio), 1873-1956.$tChickens and how to raise them.$dPhiladelphia : Penn Pub. Co., 1909$w(OCoLC)692066067
=856  41$uhttps://archive.org/details/chickenshowtorai00john_0
=912  \\$analcatalog
=930  \\$a20140703$b20140807$c00000000
=945  \\$aDigiMet
=945  \\$p170
=946  \\$aUSDA
=959  \\$c2014-07-03$earojas$gap
=994  \\$a92$bAGL

