=LDR  01858cam a2200505Ia 4500
=001  9915432486807426
=005  20240620153245.0
=008  890419s1969\\\\dcuae\\\\\\\\f000\0\eng\d
=016  7\$aCAT10309310$2DNAL
=019  \\$a213772925
=035  \\$a350261
=035  \\$a(OCoLC)15926528$z(OCoLC)213772925
=035  \\$a(DNAL)350261-naldb-Voyager
=035  \\$z(OCoLC)213772925
=040  \\$aRQF$beng$cRQF$dAGL$dVIC$dOCLCQ$dOCLCO$dOCLCA$dGILDS$dGPO$dWURST
=049  \\$aAGLY
=050  \0$aS21$b.A46 no.1150
=070  0\$a1$bAg84M no.1150
=072  \0$aN100
=072  \0$aL500
=074  \\$a0013-A
=086  0\$aA 1.38:1150
=245  00$aPortable sow feeders /$c[Agricultural Engineering Research Division, Agricultural Research Service].
=260  \\$aWashington, D.C. :$bU.S. Dept. of Agriculture,$c1969.
=300  \\$a1 sheet (2 pages) :$billustrations, plans ;$c28 cm.
=336  \\$atext$btxt$2rdacontent
=337  \\$aunmediated$bn$2rdamedia
=338  \\$asheet$bnb$2rdacarrier
=490  1\$aMiscellaneous publication / United States Department of Agriculture ;$vno. 1150
=591  \\$bNAL Reclamation
=593  \\$fAgricola CAT
=650  \0$aSows$xFeeding and feeds$xEquipment and supplies.
=655  \3$aInternet resource.
=655  \4$aDesigns and plans.
=710  1\$aUnited States.$bAgricultural Research Service.
=776  08$iOnline version:$tPortable sow feeders.$dWashington, D.C. : U.S. Dept. of Agriculture, 1969$w(OCoLC)760171092
=830  \0$aMiscellaneous publication (United States. Department of Agriculture) ;$vno. 1150.
=841  \\$ax   $b8709220u    0   4   uu   1870922$ez
=852  \\$aDNAL$i1 Ag84M no.1150
=856  41$uhttps://archive.org/details/portablesowfeede1150unit
=912  \\$analcatalog
=930  \\$a20140305$b20140404$c00000000
=945  \\$aUIU
=945  \\$p8
=945  \\$aDigiMet
=946  \\$aUSDA
=994  \\$a92$bAGL

