=LDR  01884cam a2200505Ia 4500
=001  9915432612807426
=005  20240620153310.0
=008  890419s1969\\\\dcuae\\\\\\\\f000\0\eng\d
=016  7\$aCAT10309836$2DNAL
=019  \\$a213772511
=035  \\$a350300
=035  \\$a(OCoLC)15926187$z(OCoLC)213772511
=035  \\$a(DNAL)350300-naldb-Voyager
=035  \\$z(OCoLC)213772511
=040  \\$aRQF$beng$cRQF$dAGL$dIUL$dOCLCQ$dOCLCO$dOCLCA$dOCLCF$dGPO$dWURST
=049  \\$aAGLY
=050  \0$aS21$b.A46 no.1118
=070  0\$a1$bAg84M no.1118
=072  \0$aN200
=074  \\$a0013-A
=086  0\$aA 1.38:1118
=245  00$aSprinkler pipe trailer /$c[Agricultural Engineering Research Division, Agricultural Research Service].
=260  \\$aWashington, D.C. :$bU.S. Dept. of Agriculture,$c1969.
=300  \\$a1 sheet (2 pages) :$billustrations, plans ;$c27 cm.
=336  \\$atext$btxt$2rdacontent
=337  \\$aunmediated$bn$2rdamedia
=338  \\$asheet$bnb$2rdacarrier
=490  1\$aMiscellaneous publication / United States Department of Agriculture ;$vno. 1118
=591  \\$bNAL Reclamation
=593  \\$fAgricola CAT
=650  \0$aFarm trailers$xDesign and construction.
=650  \0$aSprinklers$xTransportation.
=655  \3$aInternet resource.
=710  1\$aUnited States.$bAgricultural Research Service.
=776  08$iOnline version:$tSprinkler pipe trailer.$dWashington, D.C. : U.S. Dept. of Agriculture, 1969$w(OCoLC)1091073915
=830  \0$aMiscellaneous publication (United States. Department of Agriculture) ;$vno. 1118.
=841  \\$ax$b8709220u    0   4   uu   1870922$ez
=852  \\$aDNAL$i1 Ag84M no.1118
=856  41$uhttps://archive.org/details/sprinklerpipetra1118unit
=912  \\$analcatalog
=930  \\$a20140305$b20140404$c00000000
=939  \\$a20121109$b20121207$c00000000
=945  \\$aUIU
=945  \\$p8
=945  \\$aDigiMet
=946  \\$aUSDA
=994  \\$a92$bAGL

