=LDR  02030cam a2200517Ia 4500
=001  9915432770007426
=005  20240624172553.0
=008  781218s1976\\\\dcu\\\\\\b\\\f000\0\eng\d
=016  7\$aCAT10703231$2DNAL
=035  \\$a768463
=035  \\$a(OCoLC)04469972
=035  \\$a(DNAL)768463-naldb-Voyager
=040  \\$aUIU$beng$cUIU$dAGL$dOCLCQ$dOCLCF$dAGL$dCOF$dOCLCQ
=043  \\$an-us---
=049  \\$aAGLL
=070  0\$aaHD197.H66$b1976
=072  \0$aE110
=086  0\$aA 93.2/6:21
=086  0\$zA 93.2/3:21
=100  1\$aHoover, Herbert,$cagricultural economist.
=245  10$aRoles of government in land use planning in the Great Plains /$cby Herbert Hoover, agricultural economist.
=260  \\$a[Washington] :$bNRE, Economic Research Service, U.S. Dept. of Agriculture,$c[1976]
=300  \\$aiv, 77 pages ;$c28 cm
=336  \\$atext$btxt$2rdacontent
=337  \\$aunmediated$bn$2rdamedia
=338  \\$avolume$bnc$2rdacarrier
=490  1\$aWorking paper / Natural Resource Economics Division, U.S. Dept. of Agriculture ;$vno. 21
=504  \\$aIncludes bibliographical references (pages 65-67).
=591  \\$bNAL Reclamation
=593  \\$fAgricola CAT
=650  \0$aLand use$zGreat Plains$xPlanning.
=650  \0$aLand use$xLaw and legislation$zGreat Plains.
=651  \7$aGreat Plains.$2fast$0(OCoLC)fst01240567
=710  1\$aUnited States.$bDepartment of Agriculture.$bNatural Resource Economics Division.$0http://id.loc.gov/authorities/names/n79090000
=830  \0$aWorking paper (United States. Department of Agriculture. Natural Resource Economics Division) ;$vno. 21.
=856  41$uhttps://archive.org/details/rolesofgovernmen21hoov
=912  \\$analcatalog
=930  \\$a20140707$b20140807$c00000000
=939  \\$a19951102$b19951108$c00000000
=945  \\$dARS$e95/10/23$fRY$g95/10/25
=945  \\$p92
=945  \\$aDigiMet
=945  \\$aDigiMet
=946  \\$aUSDA
=958  \\$aresource$be$c2014-07-07$dn$ecreinhardt$hrecon
=959  \\$c2014-10-03$essouder$gurl
=959  \\$c2013-04-02$essouder$gap
=994  \\$a92$bAGL

