=LDR  01661cam a2200481M  4500
=001  9915433392807426
=005  20240620154339.0
=008  860528s1946\\\\dcua\\\\\\\\\f000\0\eng\d
=016  7\$aCAT10728589$2DNAL
=035  \\$a316092
=035  \\$a(OCoLC)63345766
=035  \\$a(DNAL)316092-naldb-Voyager
=040  \\$aCOO$beng$cCOO$dAGL$dNUI$dOCLCF$dOCLCQ$dOKS$dOCLCQ$dVA@$dOCLCA$dOCLCQ
=043  \\$an-us-nd
=049  \\$aRQIB
=070  0\$a58$bT39
=072  \0$aF120
=072  \0$aN200
=086  0\$aA 36.118:62
=100  1\$aThorfinnson, T. S.
=245  10$aHarvesting native hay in the Mouse river valley of North Dakota,$cby T.S. Thorfinnson and Quentin H. Bierman.
=260  \\$aWashington, D.C.,$c1946.
=300  \\$a14 pages$bincluding illustrations, tables$c29 cm.
=336  \\$atext$btxt$2rdacontent
=337  \\$aunmediated$bn$2rdamedia
=338  \\$avolume$bnc$2rdacarrier
=490  1\$aUnited States. Bureau of agric. econ. F.M.$v62
=591  \\$bNAL Reclamation
=593  \\$fAgricola CAT
=650  \0$aFarm management$zNorth Dakota.
=650  \0$aHay$zNorth Dakota.
=651  \7$aNorth Dakota.$2fast$0(OCoLC)fst01205582
=655  \3$aInternet resource.
=700  1\$aBierman, Quentin H.
=710  1\$aUnited States.$bBureau of Agricultural Economics.$0http://id.loc.gov/authorities/names/n80060900
=830  \0$aFM (United States. Bureau of Agricultural Economics) ;$v62.
=856  41$uhttps://archive.org/details/harvestingnative62thor
=911  \\$ichl00029898
=912  \\$analcatalog
=930  \\$a20140812$b20140905$c00000000
=939  \\$a20130211$b20130304$c00000000
=945  \\$aDigiMet
=945  \\$p22
=946  \\$aOther US
=994  \\$a92$bAGL

