=LDR  02096cam a2200481Ia 4500
=001  9915433712707426
=005  20240620155147.0
=008  941115s1994\\\\dcua\\\\\\\\\f000\0\eng\\
=016  7\$aCAT10686159$2DNAL
=035  \\$a638363
=035  \\$a(OCoLC)31457228
=035  \\$a(DNAL)638363-naldb-Voyager
=040  \\$aAGL$beng$cAGL$dKKS$dOCLCQ$dOCLCO$dOCLCA$dOCLCF$dOCLCQ$dOCLCA$dAGL
=043  \\$an-us---
=049  \\$aAGLL
=050  \0$aSF740$b.V59 1994
=070  0\$a1$bAg84M no.1518
=072  \0$aL800
=245  00$aVeterinary Services :$bprotecting America's animal health.
=260  \\$aWashington, DC :$bU.S. Dept. of Agriculture, Animal and Plant Health Inspection Service,$c[1994]
=300  \\$a15 pages :$bcolor illustrations ;$c22 cm.
=336  \\$atext$btxt$2rdacontent
=337  \\$aunmediated$bn$2rdamedia
=338  \\$avolume$bnc$2rdacarrier
=490  1\$aMiscellaneous publication ;$vno. 1518
=591  \\$bNAL Reclamation
=593  \\$fAgricola CAT
=610  10$aUnited States.$bAnimal and Plant Health Inspection Service.$bVeterinary Services$0http://id.loc.gov/authorities/names/n81011192
=610  17$aUnited States.$bAnimal and Plant Health Inspection Service.$bVeterinary Services$2fast$0(OCoLC)fst00553630
=650  \0$aVeterinary services$zUnited States.
=650  \0$aVeterinary medicine$zUnited States.$0http://id.loc.gov/authorities/subjects/sh85143053
=651  \7$aUnited States.$2fast$0(OCoLC)fst01204155
=655  \3$aInternet resource.
=710  1\$aUnited States.$bAnimal and Plant Health Inspection Service.
=776  08$iOnline version:$tVeterinary Services.$dWashington, DC : U.S. Dept. of Agriculture, Animal and Plant Health Inspection Service, [1994]$w(OCoLC)1061861016
=830  \0$aMiscellaneous publication (United States. Department of Agriculture) ;$vno. 1518.
=856  41$uhttps://archive.org/details/veterinaryservic1518unit
=912  \\$analcatalog
=930  \\$a20140305$b20140404$c00000000
=939  \\$a19941208$b19941215$c00000000
=945  \\$drlg$e94/11/15$fsp$g94/11/25$n1
=945  \\$p20
=945  \\$aDigiMet
=946  \\$aUSDA
=994  \\$a92$bAGL

