=LDR  01362cam a2200409Ia 4500
=001  9915477575107426
=005  20240620191620.0
=008  980126s1936\\\\dcuae\\\\\\\\f000\0\eng\d
=016  7\$aCAT10840658$2DNAL
=035  \\$a(OCoLC)ocm12542221 980127
=035  \\$90840-65860
=035  \\$a807387
=035  \\$a(DNAL)807387-naldb-Voyager
=040  \\$aDPL$cDPL$dUIU$dAGL
=043  \\$an-us---
=049  \\$aAGLL
=052  \\$a3700
=070  0\$a1.95$bG82G
=072  \0$aE110
=245  00$aGreenbelt towns /$cResettlement Administration.
=260  \\$aWashington, D.C. :$bThe Administration,$c1936.
=300  \\$a[32] p. :$bill., plans ;$c29 cm.
=500  \\$aTitle from cover.
=500  \\$aCaption title: Greenbelt towns, a demonstration in suburban planning, basic program.
=500  \\$a"September 1936."--P. [1]
=593  \\$fAgricola CAT
=650  \0$aGarden cities$zUnited States.
=650  \0$aGreenbelts$zUnited States.
=650  \0$aCity planning$zUnited States.
=655  \3$aInternet resource
=710  1\$aUnited States.$bResettlement Administration.
=740  01$aGreenbelt towns, a demonstration in suburban planning, basic program.
=856  41$uhttps://archive.org/details/greenbelttowns1936unit
=912  \\$analcatalog
=930  \\$a20140812$b20140905$c00000000
=939  \\$a19980201$b19980206$c00000000
=945  \\$aDigiMet
=945  \\$p40
=946  \\$aOther US

