=LDR  02287cam a2200553Ia 4500
=001  9915477576307426
=005  20240624183552.0
=007  he\bmb024bbca
=008  990208s1996\\\\oruab\\\bb\\\f000\0\eng\d
=016  7\$aCAT10861246$2DNAL
=035  \\$a807319
=035  \\$a(OCoLC)38251104
=035  \\$a(DNAL)807319-naldb-Voyager
=040  \\$aGPO$beng$cGPO$dOCLCG$dOCLCQ$dOCLCF$dOCLCQ$dOCLCO$dOCLCQ$dVPI$dUOK$dAGL
=043  \\$an-us---
=049  \\$aAGLL
=050  \0$aSD11$b.A45614 no.489
=070  0\$aFiche$bS-133 (A 13.78:PNW-RP-489 )
=072  \\$aK810
=074  \\$a0083-B (MF)
=086  0\$aA 13.78:PNW-RP-489
=100  1\$aMcKenzie, Donald.
=245  10$aPredicting the effect of fire on large-scale vegetation patterns in North America /$cDonald McKenzie, David L. Peterson, and Ernesto Alvarado.
=260  \\$a[Portland, OR] (333 S.W. First Ave., P.O. Box 3890, Portland 97208-3890) :$bU.S. Dept. of Agriculture, Forest Service, Pacific Northwest Research Station,$c[1996]
=300  \\$a38 pages :$billustrations, maps ;$c28 cm.
=336  \\$atext$btxt$2rdacontent
=337  \\$amicroform$bh$2rdamedia
=338  \\$amicrofiche$bhe$2rdacarrier
=490  1\$aResearch paper PNW ;$vRP-489
=504  \\$aIncludes bibliographical references (pages 24-32).
=530  \\$aAlso available in print version (NAL call no.  A99.9$b.F7625Uni no. 489)
=533  \\$aMicrofiche.$b[Washington, D.C.?] :$cSupt. of Docs., U.S. G.P.O.,$d[1997].$e1 microfiche : negative.
=591  \\$bNAL Reclamation
=593  \\$fAgricola CAT
=650  \0$aPlant ecology$zUnited States.
=650  \0$aFire ecology$zUnited States.
=650  \0$aVegetation dynamics$zUnited States.
=651  \7$aUnited States.$2fast$0(OCoLC)fst01204155
=700  1\$aPeterson, David L.$q(David Lawrence),$d1954-$0http://id.loc.gov/authorities/names/no91026531
=700  1\$aAlvarado, Ernesto.
=710  2\$aPacific Northwest Research Station (Portland, Or.)$0http://id.loc.gov/authorities/names/n85303399
=830  \0$aResearch paper PNW ;$v489.
=856  41$uhttps://archive.org/details/CAT10861246
=912  \\$analcatalog
=930  \\$a20070607$b20070702$c00000000
=939  \\$a19990301$b19990308$c00000000
=945  \\$aDigiMet
=945  \\$p48
=946  \\$aUSDA
=959  \\$c2014-10-03$essouder$gurl
=994  \\$a92$bAGL

