=LDR  01814cam a2200505   4500
=001  9915477577407426
=005  20240624183606.0
=008  980131s1947\\\\dcuab\\\\\\\\f000\0\eng\d
=016  7\$aCAT10841053$2DNAL
=035  \\$a807756
=035  \\$a(OCoLC)26735125
=035  \\$a(DNAL)807756-naldb-Voyager
=040  \\$aZCU$beng$cZCU$dAGL$dOCLCQ$dOCLCG$dFUG$dOCLCQ$dOCLCA$dOSU$dOCLCF$dOCLCQ$dOKS$dOCLCA$dOCLCQ
=049  \\$aAGLL
=050  10$aS560$b.U5
=070  0\$a1.941$bL6F22 no.66
=072  \0$aF120
=086  0\$aA 36.118:66
=100  1\$aBrodell, Albert P.$q(Albert Perry),$d1895-1957.
=245  10$aHarvesting small grains and utilization of the straw$c[by A.P. Brodell].
=260  \\$aWashington, D.C.,$c1947.
=300  \\$a32 pages :$bmaps, tables$c26 cm
=336  \\$atext$btxt$2rdacontent
=337  \\$aunmediated$bn$2rdamedia
=338  \\$avolume$bnc$2rdacarrier
=591  \\$bNAL Reclamation
=593  \\$fAgricola CAT
=650  \0$aStraw$xUtilization.$0http://id.loc.gov/authorities/subjects/sh85128538
=650  \0$aHarvesting.$0http://id.loc.gov/authorities/subjects/sh85059214
=650  \3$aplant cultural practices.
=650  \3$afield crops.
=650  \3$acrop production.
=650  \3$aagronomy.
=655  \3$aInternet resource.
=710  1\$aUnited States.$bBureau of Agricultural Economics.$0http://id.loc.gov/authorities/names/n80060900
=830  \0$aF.M. (United States. Bureau of Agricultural Economics) ;$vno. 66.
=856  41$uhttps://archive.org/details/harvestingsmallg66brod
=912  \\$analcatalog
=930  \\$a20140812$b20140905$c00000000
=939  \\$a20130327$b20130404$c00000000
=939  \\$a20050531$b20050604$c00000000
=939  \\$a19980201$b19980206$c00000000
=945  \\$aDigiMet
=945  \\$p40
=946  \\$aOther US
=959  \\$c2013-03-27$earojas$gap
=994  \\$a92$bAGL

