=LDR  02110cam a2200529Ia 4500
=001  9915477649207426
=005  20240624183556.0
=007  he\bmb024bbca
=008  980212s1996\\\\oru\\\\\bb\\\f000\0\eng\d
=016  7\$aCAT10841805$2DNAL
=019  \\$a1225798598
=035  \\$a803853
=035  \\$a(OCoLC)37898056$z(OCoLC)1225798598
=035  \\$a(DNAL)803853-naldb-Voyager
=035  \\$z(OCoLC)1225798598
=040  \\$aGPO$beng$cGPO$dCZL$dOCLCQ$dWAU$dVPI$dOCLCF$dUOK$dOCLCQ$dAGL
=049  \\$aAGLL
=050  \0$aSD11$b.A45614 no.494
=070  0\$aFiche$bS-133 (A 13.78:PNW-RP-494 )
=072  \0$aF000
=074  \\$a0083-B (MF)
=086  0\$aA 13.78:PNW-RP-494
=245  00$aSoil compaction and organic matter affect conifer seedling nonmycorrhizal and ectomycorrhizal root tip abundance and diversity /$cMichael P. Amaranthus [and others].
=260  \\$a[Portland, Or.] :$bU.S. Dept. of Agriculture, Forest Service, Pacific Northwest Research Station,$c[1996]
=300  \\$a12 pages ;$c28 cm
=336  \\$atext$btxt$2rdacontent
=337  \\$amicroform$bh$2rdamedia
=338  \\$amicrofiche$bhe$2rdacarrier
=490  1\$aResearch paper PNW ;$vRP-494
=504  \\$aIncludes bibliographical references (pages 9-12).
=533  \\$aMicrofiche.$b[Washington, D.C.?] :$cSupt. of Docs., U.S. G.P.O.,$d1997.$e1 microfiche : negative.
=591  \\$bNAL Reclamation
=593  \\$fAgricola CAT
=650  \0$aConifers$xSowing.
=650  \0$aPlants$xEffect of soil compaction on.$0http://id.loc.gov/authorities/subjects/sh85102993
=650  \0$aEctomycorrhizas.$0http://id.loc.gov/authorities/subjects/sh86007752
=700  1\$aAmaranthus, Michael P.
=710  2\$aPacific Northwest Research Station (Portland, Or.)$0http://id.loc.gov/authorities/names/n85303399
=830  \0$aResearch paper PNW ;$v494.
=856  41$uhttps://archive.org/details/CAT10841805
=912  \\$analcatalog
=930  \\$a20120117$b20120203$c00000000
=939  \\$a19980301$b19980309$c00000000
=945  \\$aDigiMet
=945  \\$p24
=946  \\$aOther US
=959  \\$c2014-10-03$essouder$gurl
=959  \\$c2012-01-17$essouder$gap
=994  \\$a92$bAGL

