=LDR  02041cam a2200541Ia 4500
=001  9915477741907426
=005  20240620193402.0
=007  he\bmb024bbca
=008  980224s1996\\\\oru\\\\\bs\\\f000\0\eng\d
=016  7\$aCAT10842557$2DNAL
=019  \\$a1225789485
=035  \\$a803929
=035  \\$a(OCoLC)37904589$z(OCoLC)1225789485
=035  \\$a(DNAL)803929-naldb-Voyager
=035  \\$z(OCoLC)1225789485
=040  \\$aGPO$beng$cGPO$dOCL$dOCLCQ$dOCLCF$dOCLCQ$dOCLCO$dOCLCQ$dUOK$dTKN$dOCLCA$dAGL
=043  \\$an-us-ak
=049  \\$aAGLL
=050  \0$aSD11.E32$bN4 no.PNW-RN-516
=070  0\$aFiche$bS-133 (A 13.79:PNW-RN-516 )
=072  \0$aK000
=074  \\$a0083-B-04 (MF)
=086  0\$aA 13.79:PNW-RN-516
=100  1\$aDeMars, Donald J.
=245  10$aBoard-foot and cubic-foot volume tables for Alaska-cedar in southeast Alaska /$cDonald J. DeMars.
=260  \\$a[Portland, Or.?] :$bU.S. Dept. of Agriculture, Forest Service, Pacific Northwest Research Station,$c[1996]
=300  \\$a14 pages ;$c28 cm.
=336  \\$atext$btxt$2rdacontent
=337  \\$amicroform$bh$2rdamedia
=338  \\$amicrofiche$bhe$2rdacarrier
=490  1\$aResearch note PNW ;$vRN-516
=533  \\$aMicrofiche.$b[Washington, D.C.?] :$cSupt. of Docs., U.S. G.P.O.,$d[1997].$e1 microfiche : negative.
=591  \\$bNAL Reclamation
=593  \\$fAgricola CAT
=650  \0$aCallitropsis nootkatensis$zAlaska$vTables.
=650  \0$aCallitropsis nootkatensis$zAlaska$vStatistics.
=651  \7$aAlaska.$2fast$0(OCoLC)fst01204480
=655  \3$aInternet resource.
=655  \7$aStatistics.$2fast$0(OCoLC)fst01423727
=655  \7$aTables.$2fast$0(OCoLC)fst01423914
=710  2\$aPacific Northwest Research Station (Portland, Or.)$0http://id.loc.gov/authorities/names/n85303399
=830  \0$aResearch note PNW ;$v516.
=856  41$uhttps://archive.org/details/boardfootcubicfo516dema
=912  \\$analcatalog
=930  \\$a20140505$b20140606$c00000000
=939  \\$a19980401$b19980408$c00000000
=945  \\$aDigiMet
=945  \\$p20
=946  \\$aOther US
=994  \\$a92$bAGL

