=LDR  01715cam a2200445Ia 4500
=001  9915477828607426
=005  20240620193421.0
=008  971030s1997\\\\mdua\\\\\\\\\f000\0\eng\\
=016  7\$aCAT10836503$2DNAL
=035  \\$a803405
=035  \\$a(OCoLC)37852599
=035  \\$a(DNAL)803405-naldb-Voyager
=040  \\$aAGL$beng$cAGL$dOCLCQ$dOCLCO$dOCLCA$dOCLCF$dOCLCQ$dOCLCA$dAGL
=043  \\$an-us---
=049  \\$aAGLL
=070  0\$a1$bAg84M no.1541
=072  \0$aP000
=245  00$aNational Wildlife Research Center :$bhighlights report, fiscal year 1996.
=260  \\$a[Riverdale, MD?] :$bU.S. Dept. of Agriculture, Animal and Plant Health Inspection Service,$c[1997]
=300  \\$a45 pages :$billustrations ;$c28 cm.
=336  \\$atext$btxt$2rdacontent
=337  \\$aunmediated$bn$2rdamedia
=338  \\$avolume$bnc$2rdacarrier
=490  1\$aMiscellaneous publication ;$vno. 1541
=591  \\$bNAL Reclamation
=593  \\$fAgricola CAT
=610  20$aNational Wildlife Research Center (U.S.)$0http://id.loc.gov/authorities/names/no98115031
=610  27$aNational Wildlife Research Center (U.S.)$2fast$0(OCoLC)fst00742257
=650  \0$aWildlife research$zUnited States.
=651  \7$aUnited States.$2fast$0(OCoLC)fst01204155
=655  \3$aInternet resource.
=710  1\$aUnited States.$bAnimal and Plant Health Inspection Service.
=830  \0$aMiscellaneous publication (United States. Department of Agriculture) ;$vno. 1541.
=856  41$uhttps://archive.org/details/nationalwildlife1541unit
=912  \\$analcatalog
=930  \\$a20140305$b20140404$c00000000
=939  \\$a19971102$b19971106$c00000000
=945  \\$dDF$e97/10/28$fVS$g97/10/30$n1
=945  \\$p56
=945  \\$aDigiMet
=946  \\$aUSDA
=994  \\$a92$bAGL

