=LDR  01653cam a2200469 a 4500
=001  9915478462707426
=005  20240620193353.0
=008  010810s1972\\\\dcu\\\\\\b\\\f000\0\eng\\
=016  7\$aCAT11106203$2DNAL
=035  \\$a874836
=035  \\$a(OCoLC)47746860
=035  \\$a(DNAL)874836-naldb-Voyager
=040  \\$aAGL$beng$cAGL$dOCLCQ$dOCLCO$dOCLCF$dOCLCQ$dAGL
=043  \\$an-us---
=049  \\$aAGLL
=070  0\$aaSF487.8.A1$bA44 1972
=072  \0$aL100
=072  \0$aL810
=072  \0$aE200
=100  1\$aAllen, George.
=245  10$aEconomic consequences of the restricted use of antibiotics at subtherapeutic levels in broiler and turkey production /$cGeorge Allen and Clark Burbee.
=260  \\$a[Washington, D.C.?] :$bFarm Production Economics Division, Economic Research Service, U.S. Dept. of Agriculture,$c[1972]
=300  \\$axii, 53, [1] leaves ;$c27 cm
=336  \\$atext$btxt$2rdacontent
=337  \\$aunmediated$bn$2rdamedia
=338  \\$avolume$bnc$2rdacarrier
=490  1\$aFPEd working paper
=504  \\$aIncludes bibliographical references (leaf 54).
=591  \\$bNAL Reclamation
=593  \\$fAgricola CAT
=650  \0$aPoultry$xEconomic aspects$zUnited States.
=650  \0$aVeterinary drugs$zUnited States$xCosts.
=651  \7$aUnited States.$2fast$0(OCoLC)fst01204155
=655  \3$aInternet resource.
=830  \0$aFPEd working paper.
=856  41$uhttps://archive.org/details/economicconseque00alle
=912  \\$analcatalog
=930  \\$a20140305$b20140404$c00000000
=939  \\$a20010903$b20010910$c00000000
=945  \\$dARS$e2001/08/08$fRY$g2001/08/10
=945  \\$p142
=945  \\$aDigiMet
=946  \\$aUSDA
=994  \\$a92$bAGL

