=LDR  01363cas a2200349M  4500
=001  9915479426907426
=005  20240621211746.0
=008  001031d19uu19uuiduuu\\\\\\\\f0\\\\0eng\d
=016  7\$aCAT11086788$2DNAL
=035  \\$a857827
=035  \\$a(OCoLC)1289084885
=035  \\$a(DNAL)857827-naldb-Voyager
=040  \\$aAGL$beng$cAGL
=049  \\$aRQIC
=070  0\$a1.956$bF45Id13
=110  1\$aUnited States.$bProduction and Marketing Administration.$bIdaho State PMA Committee.
=245  10$aIdaho, annual report.
=246  1\$iTitle varies, 1947-1948:$aAnnual report for Idaho
=260  \\$a[Boise, Idaho]
=362  1\$aCeased.
=550  \\$aIssuing office varies: 1961- U.S. Agricultural Stabilization and Conservation Committee. Idaho.
=580  \\$aContinued by U.S. Agricultural Stabilization and Conservation Committee. Idaho. Idaho ... annual statistical report.
=591  \\$bNAL Reclamation
=593  \\$fAgricola CAT
=655  \3$aInternet resource.
=710  1\$aUnited States.$bAgricultural Stabilization and Conservation Committee.$bIdaho.
=785  00$aUnited States. Agricultural Stabilization and Conservation Committee. Idaho.$tIdaho ... annual statistical report
=856  41$uhttps://archive.org/details/usda-idahoannualreport
=912  \\$analcatalog
=930  \\$a20140902$b00000000$c00000000
=945  \\$aDigiMet
=945  \\$vpt. 1
=945  \\$p126
=945  \\$aDigiMet
=945  \\$vpt. 2
=945  \\$p90
=945  \\$aDigiMet
=945  \\$vpt. 3
=945  \\$p104
=945  \\$aDigiMet
=945  \\$vpt. 4
=945  \\$p180
=945  \\$aDigiMet
=945  \\$vpt. 5
=945  \\$p186
=946  \\$aUSDA
=994  \\$a92$bAGL

