=LDR  01392cam a2200421I  4500
=001  9915479491107426
=005  20240620200426.0
=008  910826s1944\\\\mx\\\\\\\\\\\\000\0\eng\\
=010  \\$a   45011370 
=016  7\$aCAT10945856$2DNAL
=035  \\$a521928
=035  \\$a(OCoLC)01669907
=035  \\$a(DNAL)521928-naldb-Voyager
=040  \\$aDLC$beng$cFQG$dOCLCQ$dAGL$dOCLCQ$dOCLCF
=049  \\$aRQIB
=050  00$aTS1542$b.L8
=070  0\$a72$bL99
=072  \0$aS200
=100  1\$aLynch, Daniel F. J.
=245  10$a... Research on new and extended uses for cotton,$cby D.F.J. Lynch ...
=260  \\$aMexico, D.F.,$c1944.
=300  \\$a14 pages$c23 cm.
=336  \\$atext$btxt$2rdacontent
=337  \\$aunmediated$bn$2rdamedia
=338  \\$avolume$bnc$2rdacarrier
=490  0\$aPublicaciones del Comité permanente de la segunda Conferencia interamericana de agricultura, sección 9A
=590  \\$aAlso 1.932 A2Ag8 no. 177.
=591  \\$bNAL Reclamation
=593  \\$fAgricola CAT
=650  \0$aCotton.$0http://id.loc.gov/authorities/subjects/sh85033302
=650  \0$aTextile research.$0http://id.loc.gov/authorities/subjects/sh85134390
=655  \3$aInternet resource.
=856  41$uhttps://archive.org/details/researchonnewext17lync
=911  \\$ichl00040313
=912  \\$analcatalog
=930  \\$a20140305$b20140404$c00000000
=945  \\$aDigiMet
=945  \\$p14
=946  \\$aNon-US
=994  \\$a92$bAGL

