=LDR  01530cam a2200421M  4500
=001  9915479516907426
=005  20240624184817.0
=008  001031s1897\\\\dcu\\\\\\\\\\f000\0\eng\d
=016  7\$aCAT11086589$2DNAL
=035  \\$a857628
=035  \\$a(OCoLC)63337969
=035  \\$a(DNAL)857628-naldb-Voyager
=040  \\$aCOO$beng$cCOO$dOCLCG$dAGL$dOCLCA$dOCLCF$dOCLCQ
=049  \\$aAGLL
=070  0\$a1$bG16C
=110  1\$aUnited States.$bDepartment of Agriculture.$bDivision of Gardens and Grounds.$0http://id.loc.gov/authorities/names/n81129760
=245  10$aCircular.$nno. 1.
=260  \\$a[Washington, D.C.],$c[1897]
=300  \\$a1 volume$c24 cm
=336  \\$atext$btxt$2rdacontent
=337  \\$aunmediated$bn$2rdamedia
=338  \\$avolume$bnc$2rdacarrier
=505  0\$aNo. 1. Experiment in tea culture, a report on the Tea Gardens of Dr. Charles U. Shepard, Pinehurst, S.C.
=591  \\$bNAL Reclamation
=593  \\$fAgricola CAT
=650  \0$aTea.$0http://id.loc.gov/authorities/subjects/sh85132924
=655  \3$aInternet resource.
=700  1\$aShepard, Charles Upham,$d1804-1886.$0http://id.loc.gov/authorities/names/n87803073
=740  0\$aExperiment in tea culture.
=856  41$uhttp://archive.org/details/experimentinteac01unit
=912  \\$analcatalog
=930  \\$a20130913$b20131018$c00000000
=939  \\$a20121212$b20130104$c00000000
=945  \\$aDigiMet
=945  \\$p20
=946  \\$aUSDA
=959  \\$c2013-09-13$essouder$gurl
=959  \\$c2013-04-02$essouder$gap
=959  \\$c2012-12-12$ergallett$gupgrade
=994  \\$a92$bAGL

