=LDR  01853cam a22003971  4500
=001  9915480151807426
=005  20240620201943.0
=008  920620s1921\\\\nyua\\\\\\\\\\000\0\eng\\
=010  \\$a   21004177 
=016  7\$aCAT10506734$2DNAL
=035  \\$a419615
=035  \\$a(OCoLC)06491427
=035  \\$a(DNAL)419615-naldb-Voyager
=040  \\$aDLC$beng$cTXA$dDLC$dAGL$dOCLCQ$dOCLCG$dOCLCA$dOCLCF$dOCLCQ$dOCLCO
=049  \\$aRQIA
=050  00$aSF489.W9$bN6
=070  0\$a47$bN85W
=072  \0$aL200
=100  1\$aNourse, H. A.$q(Harold Alvah),$d1875-$eeditor.$0http://id.loc.gov/authorities/names/n88144919
=245  14$aThe Wyandotte standard and breed book;$ba complete description of all varieties of Wyandottes,$cwith the text in full from the latest (1915) rev. ed. of the American standard of perfection, as it relates to all varieties of Wyandottes. Also, with treatises on breeding, rearing, feeding, housing, conditioning for exhibitions, exhibiting--etc., by accredited authors ... ed. by H.A. Nourse. Illustrations by Arthur O. Schilling.
=260  \\$a[Buffalo]$bAmerican Poultry Association$c[©1921]
=300  \\$a408 pages$billustrations$c20 cm
=336  \\$atext$btxt$2rdacontent
=337  \\$aunmediated$bn$2rdamedia
=338  \\$avolume$bnc$2rdacarrier
=591  \\$bNAL Reclamation
=593  \\$fAgricola CAT
=650  \0$aWyandotte chicken.$0http://id.loc.gov/authorities/subjects/sh85148696
=655  \3$aInternet resource.
=776  08$iOnline version:$aNourse, H.A. (Harold Alvah), b. 1875.$tWyandotte standard and breed book.$d[Buffalo] American Poultry Association [©1921]$w(OCoLC)784089603
=856  41$uhttps://archive.org/details/wyandottestandar00nour_0
=912  \\$analcatalog
=930  \\$a20160526$b20160603$c00000000
=939  \\$a20140702$b20140807$c00000000
=945  \\$aDigiMet
=945  \\$p420
=946  \\$aOther US
=994  \\$a92$bAGL

