=LDR  01805cam a2200457Ia 4500
=001  9915480381607426
=005  20240620202130.0
=008  950516s1993\\\\mduab\\\\\\\\f000\0\eng\\
=016  7\$aCAT10696218$2DNAL
=035  \\$a734036
=035  \\$a(OCoLC)32486062
=035  \\$a(DNAL)734036-naldb-Voyager
=040  \\$aAGL$beng$cAGL$dOCL$dOCLCQ$dOCLCO$dOCLCA$dOCLCF$dOCLCQ$dOCLCA$dAGL
=043  \\$an-us---
=049  \\$aAGLL
=070  0\$a1$bAg84M no.1512
=072  \0$aA000
=072  \0$aE100
=110  1\$aUnited States.$bAnimal and Plant Health Inspection Service.
=245  10$aInternational services :$bglobal perspectives in American agriculture.
=246  30$aGlobal perspectives in American agriculture
=260  \\$a[Hyatsville, Md.] :$bU.S. Dept. of Agriculture, Animal and Plant Health Inspection Service,$c[1993]
=300  \\$a16 pages :$bcolor illustrations, color map ;$c21 cm.
=336  \\$atext$btxt$2rdacontent
=337  \\$aunmediated$bn$2rdamedia
=338  \\$avolume$bnc$2rdacarrier
=490  1\$aMiscellaneous publication ;$vno. 1512
=591  \\$bNAL Reclamation
=593  \\$fAgricola CAT
=610  10$aUnited States.$bAnimal and Plant Health Inspection Service
=610  17$aUnited States.$bAnimal and Plant Health Inspection Service$2fast$0(OCoLC)fst00537191
=650  \0$aAgriculture$xInternational cooperation.$0http://id.loc.gov/authorities/subjects/sh85002440
=655  \3$aInternet resource.
=830  \0$aMiscellaneous publication (United States. Department of Agriculture) ;$vno. 1512.
=856  41$uhttps://archive.org/details/internationalser1512unit
=912  \\$analcatalog
=930  \\$a20140305$b20140404$c00000000
=939  \\$a19950609$b19950615$c00000000
=945  \\$dML$e95/05/16$fGBP$g95/05/22$n1
=945  \\$p22
=945  \\$aDigiMet
=946  \\$aUSDA
=994  \\$a92$bAGL

