=LDR  03082cam a2200565Ia 4500
=001  9915480791407426
=005  20240624185909.0
=007  he\bmb024bbca
=008  970211s1995\\\\orua\\\\bbs\\f000\0\eng\d
=016  7\$aCAT10821849$2DNAL
=035  \\$a785627
=035  \\$a(OCoLC)35695768
=035  \\$a(DNAL)785627-naldb-Voyager
=040  \\$aGPO$beng$cGPO$dOCL$dOCLCQ$dOCLCF$dOCLCQ$dOCLCO$dOCLCQ$dOCLCA$dUOK$dTKN$dVOD
=043  \\$an-us-wa$an-us-or$an-cn-bc
=049  \\$aAGLL
=050  \0$aSD11.E32$bP3 no.PNW-RP-485
=070  0\$aA99.9$bF7625Uni no. 485
=072  \\$aK110
=074  \\$a0083-B (MF)
=086  0\$aA 13.78:PNW-RP-485
=100  1\$aCurtis, Robert O.
=245  10$aExtended rotations and culmination age of coast Douglas-fir :$bold studies speak to current issues /$cRobert O. Curtis.
=260  \\$a[Portland, Or.] (333 S.W. First Ave., P.O. Box 3890, Portland 97208-3890) :$bU.S. Dept. of Agriculture, Forest Service, Pacific Northwest Research Station,$c[1995]
=300  \\$a49 pages :$billustrations ;$c28 cm.
=336  \\$atext$btxt$2rdacontent
=337  \\$amicroform$bh$2rdamedia
=338  \\$amicrofiche$bhe$2rdacarrier
=490  1\$aResearch paper PNW-RP ;$v485
=504  \\$aIncludes bibliographical references (pages 13-15).
=530  \\$aAlso available on the Internet.
=530  \\$aLibrary also holds microfilm (NAL call no. Fiche$bS-133 (A 13.78:PNW-RP-485 )
=533  \\$aMicrofiche.$b[Washington, D.C.?] :$cSupt. of Docs., U.S. G.P.O.,$d[1996].$e1 microfiche : negative.
=505  00$tIntroduction --$tObjectives --$tMethods --$tDefinitions --$tData assembly --$tData summarization --$tData analysis --$tResults --$tDiscussion --$tProblems in PAI estimation --$tPossible sampling biases --$tData limitations --$tGeneral trends --$tVery heavy thinning --$tPossible climatic effects --$tCulmination ages, rotations, and the National Forest Management Act --$tThe timber supply problem --$tIn conclusion --$tMetric equivalents --$tLiterature cited --$tAppendix --$tFuller Hill --$tHoskins LOGS --$tDelezenne --$tPort Blakely XT-1 --$tPort Blakely XT-2 --$tPort Blakely XT-3 --$tPort Blakely XT-7 --$tMcCleary --$tSchenstrom --$tSnow Creek --$tBlack Rock --$tVoight Creek --$tWind River spacing test --$tStampede Creek LOGS --$tMartha Creek --$tLookout Mountain --$tMount Walker.
=591  \\$bNAL Reclamation
=593  \\$fAgricola CAT
=650  \0$aDouglas fir$zNorthwest, Pacific$xGrowth$vStatistics.
=651  \7$aPacific Northwest.$2fast$0(OCoLC)fst01242543
=655  \7$aStatistics.$2fast$0(OCoLC)fst01423727
=710  2\$aPacific Northwest Research Station (Portland, Or.)$0http://id.loc.gov/authorities/names/n85303399
=830  \0$aResearch paper PNW ;$v485.
=856  41$uhttp://www.fs.fed.us/pnw/pubs/rp485.pdf
=856  41$uhttps://archive.org/details/CAT10821849
=912  \\$analcatalog
=930  \\$a20060425$b20060529$c00000000
=939  \\$a20040730$b20040804$c00000000
=939  \\$a19970303$b19970307$c00000000
=945  \\$aDigiMet
=945  \\$p60
=946  \\$aOther US
=959  \\$c2014-10-03$essouder$gurl
=994  \\$a92$bAGL

