=LDR  02357cam a2200577Ia 4500
=001  9915481671707426
=005  20240624185952.0
=007  he\bmb024bbca
=008  981029s1995\\\\orua\\\\bb\\\f000\0\eng\d
=016  7\$aCAT10857011$2DNAL
=019  \\$a1225683146
=035  \\$a812296
=035  \\$a(OCoLC)39000260$z(OCoLC)1225683146
=035  \\$a(DNAL)812296-naldb-Voyager
=035  \\$z(OCoLC)1225683146
=040  \\$aGPO$beng$cGPO$dOCLCF$dOCLCQ$dOCLCO$dOCLCQ$dVPI$dUOK$dAGL
=043  \\$an-us-or$an-us-wa
=049  \\$aAGLL
=050  \0$aSD11$b.A45614 no.484
=070  0\$aA99.9$bF7625 Uni no. 484
=072  \\$aF820
=072  \\$aF821
=074  \\$a0083-B (MF)
=086  0\$aA 13.78:PNW-RP-484
=245  00$aHistorical patterns of western spruce budworm and Douglas-fir tussock moth outbreaks in the northern Blue Mountains, Oregon, since A.D. 1700 /$cThomas W. Swetnam [and others].
=260  \\$aPortland, Or. :$bU.S. Dept. of Agriculture, Forest Service, Pacific Northwest Research Station,$c[1995]
=300  \\$a27 pages :$billustrations ;$c28 cm.
=336  \\$atext$btxt$2rdacontent
=337  \\$amicroform$bh$2rdamedia
=338  \\$amicrofiche$bhe$2rdacarrier
=490  1\$aResearch paper PNW ;$vRP-484
=504  \\$aIncludes bibliographical references (pages 24-27).
=530  \\$aLibrary also holds microfilm (NAL call. no.: Fiche$bS-133 (A 13.78:PNW-RP-484 ))
=533  \\$aMicrofiche.$b[Washington, D.C.] :$cSupt. of Docs., U.S. G.P.O.,$d1997.$e1 microfiche : negative.
=591  \\$bNAL Reclamation
=593  \\$fAgricola CAT
=650  \0$aWestern spruce budworm$zBlue Mountains (Or. and Wash.)$xHistory.
=650  \0$aDouglas fir tussock moth$zBlue Mountains (Or. and Wash.)$xHistory.
=650  \0$aDendrochronology$zBlue Mountains (Or. and Wash.).
=651  \7$aUnited States$zBlue Mountains.$2fast$0(OCoLC)fst01310344
=655  \7$aHistory.$2fast$0(OCoLC)fst01411628
=700  1\$aSwetnam, Thomas W.
=710  2\$aPacific Northwest Research Station (Portland, Or.)$0http://id.loc.gov/authorities/names/n85303399
=830  \0$aResearch paper PNW ;$v484.
=856  41$uhttps://archive.org/details/CAT10857011
=912  \\$analcatalog
=930  \\$a20060425$b20060529$c00000000
=939  \\$a19981102$b19981110$c00000000
=945  \\$aDigiMet
=945  \\$p40
=946  \\$aUSDA
=959  \\$c2014-10-03$essouder$gurl
=994  \\$a92$bAGL

