=LDR  01770cam a2200445Ia 4500
=001  9915481704607426
=005  20240620205658.0
=008  940530s1900\\\\dcuaf\\\\b\\\f000\0\eng\c
=010  \\$aagr09000235 
=016  7\$aCAT11017088$2DNAL
=035  \\$a609641
=035  \\$a(OCoLC)20905869
=035  \\$a(DNAL)609641-naldb-Voyager
=040  \\$aLibrary, U.S. Dept. of Agriculture$beng$cABC$dABC$dAGL$dFUG$dNUI$dOCLCF$dOCLCQ$dCOD$dSFR
=049  \\$aRQIB
=050  \0$aSB623$b.A2 no. 19
=070  0\$a431$bW86
=072  \0$aF821
=086  0\$aA 28.3:19
=100  1\$aWoods, Albert Fred,$d1866-1948.$0http://id.loc.gov/authorities/names/no96052513
=245  10$aStigmonose :$ba disease of carnations and other pinks /$cby Albert F. Woods.
=260  \\$aWashington :$bG.P.O.,$c1900.
=300  \\$a30 pages, 3 leaves of plates :$billustrations (1 color) ;$c23 cm.
=336  \\$atext$btxt$2rdacontent
=337  \\$aunmediated$bn$2rdamedia
=338  \\$avolume$bnc$2rdacarrier
=490  1\$aBulletin / U.S. Department of Agriculture, Division of Vegetable Physiology and Pathology ;$vno. 19
=504  \\$aIncludes bibliographical references.
=591  \\$bNAL Reclamation
=593  \\$fAgricola CAT
=650  \0$aCarnations$xDiseases and pests.$0http://id.loc.gov/authorities/subjects/sh85020362
=655  \3$aInternet resource.
=710  1\$aUnited States.$bDivision of Vegetable Physiology and Pathology.$0http://id.loc.gov/authorities/names/n81129758
=830  \0$aBulletin (United States. Division of Vegetable Physiology and Pathology) ;$vno. 19.
=856  41$uhttps://archive.org/details/stigmonosediseas19wood
=911  \\$ichl00175126
=912  \\$analcatalog
=930  \\$a20140305$b20140404$c00000000
=945  \\$aDigiMet
=945  \\$p42
=946  \\$aOther US
=994  \\$a92$bAGL

