=LDR  01796cam a2200481Ia 4500
=001  9915481837007426
=005  20240624190011.0
=008  830630t19051904maua\\\\\\\\\\001\0\eng\d
=016  7\$aCAT10724005$2DNAL
=035  \\$a264586
=035  \\$a(OCoLC)09276812
=035  \\$a(DNAL)264586-naldb-Voyager
=040  \\$aDEH$beng$cDEH$dAGL$dBAKER$dKRTAS$dOCLCQ$dOCLCF$dOCLCO$dOCLCQ
=049  \\$aRQIB
=050  \0$aSF507$b.R62 1905
=070  0\$a47$bR56
=072  \0$aE700
=072  \0$aQ003
=100  1\$aRobinson, J. H.$q(John H.)$0http://id.loc.gov/authorities/names/no94006188
=245  10$aBroilers and roasters :$bthe specialties of the market poultryman /$cby John H. Robinson.
=260  \\$aBoston, Mass. :$bFarm-Poultry Pub. Co.,$c1905, ©1904.
=300  \\$a96 pages :$billustrations ;$c20 cm.
=336  \\$atext$btxt$2rdacontent
=337  \\$aunmediated$bn$2rdamedia
=338  \\$avolume$bnc$2rdacarrier
=490  1\$aFarm-poultry series ;$vno. 7
=591  \\$bNAL Reclamation
=593  \\$fAgricola CAT
=650  \0$aPoultry.$0http://id.loc.gov/authorities/subjects/sh85105892
=655  \3$aInternet resource.
=776  08$iOnline version:$aRobinson, John H.$tBroilers and roasters.$dBoston, Mass. : Farm-Poultry Pub. Co., 1905, ©1904$w(OCoLC)612383674
=830  \0$aFarm-poultry series ;$vno. 7.
=856  41$uhttps://archive.org/details/broilersroasters07robi
=911  \\$ichl00017893
=912  \\$analcatalog
=930  \\$a20160525$b20160603$c00000000
=938  \\$aBaker & Taylor$bBKTY$c26.45$d26.45$i1406779059$n0007540953$sactive
=938  \\$aKirtas Technologies, Inc.$bKRTS$n676441
=939  \\$a20140702$b20140807$c00000000
=939  \\$a20120911$b20121009$c00000000
=945  \\$aDigiMet
=945  \\$p108
=946  \\$aOther US
=959  \\$c2012-09-11$earojas$gap
=994  \\$a92$bAGL

