=LDR  01153cam a2200361M  4500
=001  9915482159707426
=005  20240624190031.0
=008  800401s1966\\\\dcu\\\\\\\\\\\000\0\eng\d
=016  7\$aCAT10230874$2DNAL
=035  \\$a200978
=035  \\$a(OCoLC)1289028736
=035  \\$a(DNAL)200978-naldb-Voyager
=040  \\$aAGL$beng$cAGL
=049  \\$aAGLL
=070  \\$aA280.39$bR31A no. 9
=072  \0$a3500
=100  1\$aNelson, Howard D.,$d1913-
=245  10$aMalathion-treated drying trays to protect raisins from insects; commercial tests in 1965$c[by Howard D. Nelson.
=260  \\$aWashington]$bAgricultural Research Service, U.S. Dept. of Agriculture,$c1966.
=300  \\$a7 p.$c26 cm.
=490  1\$a[U.S. Agricultural Research Service] ARS 51-9
=591  \\$bNAL Reclamation
=593  \\$fAgricola CAT
=650  \0$aGrapes$xDiseases and pests.
=650  \0$aMalathion.
=655  \3$aInternet resource.
=830  \0$aARS 51 ;$v9.
=856  41$uhttps://archive.org/details/malathiontreated09nels
=912  \\$analcatalog
=930  \\$a20140306$b20140404$c00000000
=945  \\$aDigiMet
=945  \\$p12
=946  \\$aUSDA
=959  \\$c2014-03-06$earojas$gap
=994  \\$a92$bAGL

