=LDR  01666cam a2200445Ia 4500
=001  9915482281907426
=005  20240624190035.0
=008  800401s1965\\\\dcua\\\\\\\\\f000\0\eng\d
=016  7\$aCAT10230672$2DNAL
=035  \\$a200587
=035  \\$a(OCoLC)34813777
=035  \\$a(DNAL)200587-naldb-Voyager
=040  \\$aCOF$beng$cCOF$dOCLCQ$dOCLCF$dOCLCQ$dOCLCO$dCOF$dOCLCQ$dAGL
=049  \\$aAGLL
=070  0\$aA56.9$bR31 no. 93
=072  \0$a8500
=086  0\$aA 77.15:ARS 41-93
=100  1\$aKruse, E. G.,$eauthor.
=245  14$aThe constant-head-orifice farm turnout /$cE. Gordon Kruse.
=260  \\$aWashington, D.C. :$bU.S. Dept. of Agriculture, Agricultural Research Service,$c1965.
=300  \\$a24 pages :$billustrations ;$c26 cm
=336  \\$atext$btxt$2rdacontent
=337  \\$aunmediated$bn$2rdamedia
=338  \\$avolume$bnc$2rdacarrier
=490  1\$aARS ;$v41-93
=530  \\$aAlso available  on the Internet.
=591  \\$bNAL Reclamation
=593  \\$fAgricola CAT
=650  \0$aIrrigation water.$0http://id.loc.gov/authorities/subjects/sh85068306
=650  \0$aIrrigation$xManagement.$0http://id.loc.gov/authorities/subjects/sh85068285
=655  \3$aInternet resource.
=710  1\$aUnited States.$bAgricultural Research Service,$eissuing body.$0http://id.loc.gov/authorities/names/n79108942
=830  \0$aARS (Series) (United States. Agricultural Research Service) ;$v41-93.
=856  41$uhttps://archive.org/details/constantheadorif93krus
=912  \\$analcatalog
=930  \\$a20201020$b00000000$c00000000
=945  \\$aDigiMet
=945  \\$p32
=946  \\$aUSDA
=959  \\$c2013-10-22$essouder$gurl
=959  \\$c2020-10-20$ecbarone$gother
=994  \\$a92$bAGL

