=LDR  01876cam a2200493I  4500
=001  9915482302107426
=005  20240624190027.0
=008  800401s1965\\\\mduab\\\\b\\\f000\0\eng\d
=016  7\$aCAT10230639$2DNAL
=035  \\$a200523
=035  \\$a(OCoLC)11739291
=035  \\$a(DNAL)200523-naldb-Voyager
=040  \\$aIXA$beng$cIXA$dOCL$dOCLCQ$dNUI$dOCLCF$dOCLCQ$dCOF$dOKS$dOCLCQ$dAGL
=043  \\$an-us-tx
=049  \\$aAGLL
=050  \0$aGB1025.T4$bU5372 1965
=070  0\$aA56.9$bR31 no. 100
=072  \0$a8500
=086  0\$aA 77.15:41-100
=086  0\$aA 77.15:ARS-41-100
=110  1\$aUnited States.$bAgricultural Research Service.$bSoil and Water Conservation Research Division.$0http://id.loc.gov/authorities/names/n83008026
=245  10$aGroundwater studies in the Edwards Plateau of Texas,$cby Walter G. Knisel, Jr.
=260  \\$aBeltsville, Md.,$c1965.
=300  \\$a12 pages$billustrations, diagrams, maps$c26 cm
=336  \\$atext$btxt$2rdacontent
=337  \\$aunmediated$bn$2rdamedia
=338  \\$avolume$bnc$2rdacarrier
=490  1\$aUnited States. Agricultural Research Service. ARS 41$v100
=504  \\$aIncludes bibliographical references (page 12).
=530  \\$aAlso available on the Internet.
=591  \\$bNAL Reclamation
=593  \\$fAgricola CAT
=650  \0$aGroundwater$zTexas$zEdwards Plateau.
=651  \7$aTexas$zEdwards Plateau.$2fast$0(OCoLC)fst01243757
=655  \3$aInternet resource.
=700  1\$aKnisel, Walter G.,$eauthor.$0http://id.loc.gov/authorities/names/n80149209
=830  \0$aARS (Series) (United States. Agricultural Research Service) ;$v41-100.
=856  41$uhttps://archive.org/details/groundwaterstudi10knis
=912  \\$analcatalog
=930  \\$a20201020$b00000000$c00000000
=945  \\$aDigiMet
=945  \\$p20
=946  \\$aUSDA
=959  \\$c2013-10-22$essouder$gurl
=959  \\$c2020-10-20$ecbarone$gother
=994  \\$a92$bAGL

