=LDR  02103cam a2200493Ia 4500
=001  9915482314007426
=005  20240624190034.0
=008  800401s1965\\\\mduab\\\\b\\\f000\0\eng\d
=016  7\$aCAT10230640$2DNAL
=035  \\$a200525
=035  \\$a(OCoLC)18549880
=035  \\$a(DNAL)200525-naldb-Voyager
=040  \\$aWCA$beng$cWCA$dOCLCQ$dOCLCF$dOCLCQ$dOCLCO$dCOF$dCOD$dOCLCQ$dAGL
=043  \\$an-us-tx
=049  \\$aAGLL
=070  0\$aA56.9$bR31 no. 106
=072  \0$a5000
=086  0\$aA 77.15:ARS-41-106
=086  0\$aA 77.15:41-106
=100  1\$aKnisel, Walter G.$0http://id.loc.gov/authorities/names/n80149209
=245  10$aRainfall frequency analysis for 1- to 15-day durations in the Blacklands of Texas /$cby Walter G. Knisel, Jr.
=260  \\$aBeltsville, Md. :$bU.S. Agricultural Research Service,$c1965.
=300  \\$a13 pages :$billustrations, maps ;$c26 cm
=336  \\$atext$btxt$2rdacontent
=337  \\$aunmediated$bn$2rdamedia
=338  \\$avolume$bnc$2rdacarrier
=490  1\$aUnited States. Agricultural Research Service. ARS 41 ;$v106
=504  \\$aIncludes bibliographical references (page 13).
=530  \\$aAlso available on the Internet.
=591  \\$bNAL Reclamation
=593  \\$fAgricola CAT
=650  \0$aRainfall frequencies$zTexas$zBlacklands.
=651  \7$aTexas$zBlacklands.$2fast$0(OCoLC)fst01242965
=655  \3$aInternet resource.
=710  1\$aUnited States.$bAgricultural Research Service.$bSoil and Water Conservation Research Division.$0http://id.loc.gov/authorities/names/n83008026
=776  08$iOnline version:$aKnisel, Walter G.$tRainfall frequency analysis for 1- to 15-day durations in the Blacklands of Texas.$dBeltsville, Md. : U.S. Agricultural Research Service, 1965$w(OCoLC)1042249724
=830  \0$aARS (Series) (United States. Agricultural Research Service) ;$v41-106.
=856  41$uhttps://archive.org/details/rainfallfrequenc10knis
=912  \\$analcatalog
=930  \\$a20201020$b00000000$c00000000
=945  \\$aDigiMet
=945  \\$p20
=946  \\$aUSDA
=959  \\$c2013-10-22$essouder$gurl
=959  \\$c2020-10-20$ecbarone$gother
=994  \\$a92$bAGL

