=LDR  01730cam a2200481 a 4500
=001  9915482325407426
=005  20240624190027.0
=008  800401s1968\\\\dcua\\\\\b\\\\000\0\eng\d
=016  7\$aCAT10242941$2DNAL
=035  \\$a200305
=035  \\$a(OCoLC)28471976
=035  \\$a(DNAL)200305-naldb-Voyager
=040  \\$aCLU$beng$cCLU$dOCL$dIUL$dOCLCQ$dUPM$dOCLCQ$dOCLCF$dOCLCQ$dOCLCO$dVA@$dGPO$dOCLCQ$dAGL
=043  \\$an-us---
=049  \\$aAGLL
=050  \0$aGV182.2$b.S4
=070  \\$aA280.29$bF22I no. 57
=072  \0$a1000
=074  \\$a0065-B
=086  0\$aA 89.15:57
=245  04$aThe cooperative approach to outdoor recreation /$c[by William R. Seymour].
=260  \\$aWashington, D.C. :$bFarmer Cooperative Service, U.S. Dept. of Agriculture,$c1968.
=300  \\$avi, 12, [2], pages :$billustrations ;$c23 cm
=336  \\$atext$btxt$2rdacontent
=337  \\$aunmediated$bn$2rdamedia
=338  \\$avolume$bnc$2rdacarrier
=490  1\$aFCS Information (series) ;$v57
=504  \\$aIncludes bibliographical references.
=591  \\$bNAL Reclamation
=593  \\$fAgricola CAT
=650  \0$aOutdoor recreation$zUnited States.
=650  \0$aCooperative societies$zUnited States.
=651  \7$aUnited States.$2fast$0(OCoLC)fst01204155
=655  \3$aInternet resource.
=700  1\$aSeymour, William R.$0http://id.loc.gov/authorities/names/n84134944
=710  1\$aUnited States.$bFarmer Cooperative Service.$0http://id.loc.gov/authorities/names/n79086753
=830  \0$aFCS information ;$v57.
=856  41$uhttps://archive.org/details/cooperativeappro57seym
=912  \\$analcatalog
=930  \\$a20140306$b00000000$c00000000
=945  \\$aDigiMet
=945  \\$p26
=946  \\$aUSDA
=959  \\$c2014-03-06$earojas$gap
=994  \\$a92$bAGL

