=LDR  02218cam a2200553Ia 4500
=001  9915482554307426
=005  20240620211213.0
=008  010105s2000\\\\pauab\\\\bs\\f000\0\eng\\
=016  7\$aCAT11091885$2DNAL
=035  \\$a862309
=035  \\$a(OCoLC)45633085
=035  \\$a(DNAL)862309-naldb-Voyager
=040  \\$aAGL$beng$cAGL$dOCLCQ$dOCLCF$dOCLCQ$dOCLCO$dOCLCA$dAGL
=043  \\$an-us-ct
=049  \\$aAGLL
=050  \0$aSD11$b.U652 no.147, 2000
=070  0\$aA99.9$bF7622Uf no. 147
=072  \0$aK510
=072  \0$aX100
=100  1\$aAlerich, Carol L.
=245  10$aForest statistics for Connecticut /$cby Carol L. Alerich.
=260  \\$aNewtown Square, Pa. :$bU.S. Dept. of Agriculture, Forest Service, Northeastern Research Station,$c[2000]
=300  \\$a104 pages :$billustrations, maps ;$c28 cm.
=336  \\$atext$btxt$2rdacontent
=337  \\$aunmediated$bn$2rdamedia
=338  \\$avolume$bnc$2rdacarrier
=490  1\$aResource bulletin NE ;$v147
=504  \\$aIncludes bibliographical references (page 13).
=530  \\$aLibrary also holds microfiche, Washington, DC : Supt. of Docs., U.S. G.P.O., 2003 . 2 microfiches ; negative (NAL call no.: S-133 (A 13.80:NE-147)
=591  \\$bNAL Reclamation
=593  \\$fAgricola CAT
=650  \0$aForests and forestry$zConnecticut$vStatistics.
=650  \0$aTimber$zConnecticut$vStatistics.
=651  \7$aConnecticut.$2fast$0(OCoLC)fst01205688
=655  \3$aInternet resource.
=655  \7$aStatistics.$2fast$0(OCoLC)fst01423727
=710  1\$aUnited States.$bForest Service.$bNortheastern Research Station.$0http://id.loc.gov/authorities/names/no98081992
=830  \0$aResource bulletin NE ;$v147.
=856  41$uhttps://www.fs.usda.gov/treesearch/pubs/20932$yAvailable in Treesearch, US Forest Service's digital repository
=856  41$uhttps://doi.org/10.2737/NE-RB-147
=856  41$uhttps://archive.org/details/foreststatistics147aler
=912  \\$analcatalog
=930  \\$a20200623$b00000000$c00000000
=939  \\$a20140207$b20140307$c00000000
=939  \\$a20041101$b20041201$c00000000
=939  \\$a20010204$b20010209$c00000000
=945  \\$dML$e2001/01/03$fVS$g2001/01/04$n1
=945  \\$p116
=945  \\$aDigiMet
=946  \\$aUSDA
=994  \\$a92$bAGL

