=LDR  01267cas a2200385 a 4500
=001  9915482866707426
=005  20240624191032.0
=008  001205c\\\\\\\\xxuuu\p\\\\\\\0\\\a0eng\d
=016  7\$aCAT11090731$2DNAL
=035  \\$91090-73160
=035  \\$a843942
=035  \\$a(DNAL)843942-naldb-Voyager
=040  \\$aAGL$dAGL
=049  \\$aRQIC
=070  0\$a1.9$bP772
=110  1\$aUnited States.$bBureau of Plant Industry.$bDivision of Fruit and Vegetable Crops and Diseases.
=245  10$aSemi-monthly news-letter.
=310  \\$aSemi-monthly.
=362  0\$aV. 1-13.  March 1, 1929-Dec. 15, 1941.
=500  \\$aSuspended with v. 14, no. 7 (?)
=580  \\$aContinues V. & F. pathologist (1.9 P698V) Fruit disease news notes and The Eye (1.9 P77)
=593  \\$fAgricola CAT
=650  \0$aPlant diseases.
=650  \0$aFruit$xDiseases and pests.
=650  \0$aVegetables$xDiseases and pests.
=655  \3$aInternet resource
=780  00$tV. & F. pathologist
=780  00$tFruit disease news notes.
=780  00$tEye.
=856  41$uhttps://archive.org/details/usda-semimonthlynewsletter
=912  \\$analcatalog
=930  \\$a20140812$b20140905$c00000000
=939  \\$a20140311$b20140404$c00000000
=945  \\$aDigiMet
=945  \\$vpt. 1
=945  \\$p212
=945  \\$aDigiMet
=945  \\$vpt. 2
=945  \\$p508
=945  \\$aDigiMet
=945  \\$vpt. 3
=945  \\$p506
=945  \\$aDigiMet
=945  \\$vpt. 4
=945  \\$p432
=945  \\$aDigiMet
=945  \\$vpt. 5
=945  \\$p364
=945  \\$aDigiMet
=945  \\$vpt. 6
=945  \\$p368
=945  \\$aDigiMet
=945  \\$vpt. 7
=945  \\$p352
=945  \\$aDigiMet
=945  \\$vpt. 8
=945  \\$p350
=945  \\$aDigiMet
=945  \\$vpt. 9
=945  \\$p340
=945  \\$aDigiMet
=945  \\$vpt. 10
=945  \\$p334
=945  \\$aDigiMet
=945  \\$vpt. 11
=945  \\$p338
=945  \\$aDigiMet
=945  \\$vpt. 12
=945  \\$p340
=945  \\$aDigiMet
=945  \\$vpt. 13
=945  \\$p346
=946  \\$aUSDA
=959  \\$c2014-03-11$ejgilbert$gsubjadd

