=LDR  02143cas a2200481 a 4500
=001  9915482887507426
=005  20240624191041.0
=008  001205d19311932dcumr\p\\\\\\f0\\\\0eng\c
=010  \\$a  2012229621
=016  7\$aCAT11090725$2DNAL
=035  \\$a843941
=035  \\$a(OCoLC)785786312
=035  \\$a(DNAL)843941-naldb-Voyager
=040  \\$aFUG$beng$cFUG$dFUG$dAGL$dOCLCF$dOCLCQ
=042  \\$apcc
=043  \\$an-us---
=049  \\$aAGLL
=070  0\$a1.9$bQ2NL
=110  1\$aUnited States.$bPlant Quarantine and Control Administration.$0http://id.loc.gov/authorities/names/n86076398
=245  10$aNews letter.
=260  \\$a[Washington, D.C.] :$bPlant Quarantine and Control Administration,$c1931-1932.
=310  \\$aMonthly
=362  1\$aBegan with: no.1 (Jan. 1931)
=362  1\$aCeased with: no.18 (June 1932)
=588  \\$aDescription based on: no. 1 (Jan. 1932); title from caption.
=588  \\$aLatest issue consulted: no. 18 (June 1, 1932)
=588  \\$aThis bibliographic record is available under the Creative Commons CC0 "No Rights Reserved" license. The University of Florida Libraries, as creator of this bibliographic record, has waived all rights to it worldwide under copyright law, including all related and neighboring rights, to the extent allowed by law.
=591  \\$bNAL Reclamation
=593  \\$fAgricola CAT
=610  10$aUnited States.$bPlant Quarantine and Control Administration$vPeriodicals.
=610  17$aUnited States.$bPlant Quarantine and Control Administration$2fast$0(OCoLC)fst00641782
=650  \0$aPlants$xDiseases and pests$xControl$zUnited States$vPeriodicals.
=651  \7$aUnited States.$2fast$0(OCoLC)fst01204155
=655  \3$aInternet resource.
=655  \7$aPeriodicals.$2fast$0(OCoLC)fst01411641
=785  00$aUnited States. Bureau of Plant Quarantine.$tNews letter$w(DLC)  2012229620$w(OCoLC)785785040
=856  41$uhttps://archive.org/details/usda-newsletterplantcontrol
=912  \\$analcatalog
=930  \\$a20140812$b20140905$c00000000
=939  \\$a20140311$b20140404$c00000000
=945  \\$aDigiMet
=945  \\$vpt. 1
=945  \\$p38
=945  \\$aDigiMet
=945  \\$vpt. 2
=945  \\$p46
=945  \\$aDigiMet
=945  \\$vpt. 3
=945  \\$p40
=945  \\$aDigiMet
=945  \\$vpt. 4
=945  \\$p46
=945  \\$aDigiMet
=945  \\$vpt. 5
=945  \\$p56
=945  \\$aDigiMet
=945  \\$vpt. 6
=945  \\$p56
=945  \\$aDigiMet
=945  \\$vpt. 7
=945  \\$p52
=945  \\$aDigiMet
=945  \\$vpt. 8
=945  \\$p56
=945  \\$aDigiMet
=945  \\$vpt. 9
=945  \\$p56
=945  \\$aDigiMet
=945  \\$vpt. 10
=945  \\$p56
=945  \\$aDigiMet
=945  \\$vpt. 11
=945  \\$p58
=945  \\$aDigiMet
=945  \\$vpt. 12
=945  \\$p54
=945  \\$aDigiMet
=945  \\$vpt. 13
=945  \\$p58
=945  \\$aDigiMet
=945  \\$vpt. 14
=945  \\$p28
=945  \\$aDigiMet
=945  \\$vpt. 15
=945  \\$p26
=945  \\$aDigiMet
=945  \\$vpt. 16
=945  \\$p28
=945  \\$aDigiMet
=945  \\$vpt. 17
=945  \\$p28
=945  \\$aDigiMet
=945  \\$vpt. 18
=945  \\$p30
=946  \\$aUSDA
=958  \\$be$c2014-03-11$dc$ergallett
=994  \\$a92$bAGL

