=LDR  02212cam a2200541Ia 4500
=001  9915483461207426
=005  20240624191145.0
=008  980227s1968\\\\dcub\\\\\s\\\f000\0\eng\d
=016  7\$aCAT10842847$2DNAL
=019  \\$a15600116
=035  \\$a809278
=035  \\$a(OCoLC)15565621$z(OCoLC)15600116
=035  \\$a(DNAL)809278-naldb-Voyager
=035  \\$z(OCoLC)15600116
=040  \\$aRQF$beng$cRQF$dAGL$dOCL$dIUL$dOCLCQ$dOCLCO$dOCLCA$dOCLCO$dOCLCF$dOCL$dOCLCO
=043  \\$af------$aa------
=049  \\$aAGLL
=070  0\$aA281.9$bAg83 no.221
=072  \0$aE100
=072  \0$aE130
=086  0\$aA 93.21/2:221
=245  04$aThe Africa and West Asia agricultural situation :$breview of 1967 and outlook for 1968 /$c[prepared by Africa and Middle East Branch, Foreign Regional Analysis Division].
=260  \\$aWashington, D.C. :$bU.S. Dept. of Agriculture, Economic Research Service,$c1968.
=300  \\$aii, 72 pages :$b1 map ;$c27 cm.
=336  \\$atext$btxt$2rdacontent
=337  \\$aunmediated$bn$2rdamedia
=338  \\$avolume$bnc$2rdacarrier
=490  1\$aERS-foreign ;$v221
=591  \\$bNAL Reclamation
=593  \\$fAgricola CAT
=650  \0$aAgriculture$xEconomic aspects$zMiddle East$vStatistics.
=650  \0$aAgriculture$xEconomic aspects$zAfrica$vStatistics.
=650  \0$aAgricultural productivity$zMiddle East$vStatistics.
=650  \0$aAgricultural productivity$zAfrica$vStatistics.
=651  \7$aMiddle East.$2fast$0(OCoLC)fst01241586
=651  \7$aAfrica.$2fast$0(OCoLC)fst01239509
=655  \3$aInternet resource.
=655  \7$aStatistics.$2fast$0(OCoLC)fst01423727
=710  1\$aUnited States.$bDepartment of Agriculture.$bEconomic Research Service.$bForeign Regional Analysis Division.
=776  08$iOnline version:$tAfrica and West Asia agricultural situation.$dWashington, D.C. : U.S. Dept. of Agriculture, Economic Research Service, 1968$w(OCoLC)1091022361
=830  \0$aERS-foreign ;$v221.
=856  41$uhttps://archive.org/details/africawestasiaag221unit
=912  \\$analcatalog
=930  \\$a20140305$b20140404$c00000000
=939  \\$a19980301$b19980309$c00000000
=945  \\$aDigiMet
=945  \\$p80
=946  \\$aUSDA
=959  \\$c2013-04-02$essouder$gap
=994  \\$a92$bAGL

