=LDR  02607cam a2200649Ia 4500
=001  9915483465707426
=005  20240620213036.0
=008  980226s1997\\\\utuab\\\\b\\\f000\0\eng\\
=016  7\$aCAT10842768$2DNAL
=019  \\$a1039815723$a1231873386
=035  \\$a809183
=035  \\$a(OCoLC)38364348$z(OCoLC)1039815723$z(OCoLC)1231873386
=035  \\$a(DNAL)809183-naldb-Voyager
=035  \\$z(OCoLC)1039815723$z(OCoLC)1231873386
=040  \\$aAGL$beng$cAGL$dOCLCQ$dOCLCO$dOCLCF$dOCLCQ$dCOD$dOCLCA$dAGM$dOCLCA$dAGL
=043  \\$an-us-ut
=049  \\$aAGLL
=050  \0$aSD428.U8$bM35 1998
=070  0\$aA99.9$bF764Ub no.92
=072  \0$aK510
=086  0\$aA 13.80:INT-RB-92
=100  1\$aMcLain, William H.$0http://id.loc.gov/authorities/names/n85232629
=245  10$aUtah timber production and mill residue, 1992 /$cWilliam H. McLain, Charles E. Keegan III, Daniel P. Wichman.
=260  \\$aOgden, UT :$bU.S. Dept. of Agriculture, Forest Service, Intermountain Research Station,$c[1997]
=300  \\$a16 pages :$billustrations, map ;$c28 cm.
=336  \\$atext$btxt$2rdacontent
=337  \\$aunmediated$bn$2rdamedia
=338  \\$avolume$bnc$2rdacarrier
=490  1\$aResource bulletin INT ;$vRB-92
=504  \\$aIncludes bibliographical references (page 6).
=591  \\$bNAL Reclamation
=593  \\$fAgricola CAT
=650  \0$aForest productivity$zUtah.
=650  \0$aForest products$zUtah.
=650  \0$aSawmills$zUtah.
=650  \0$aAgricultural wastes$zUtah.
=650  \3$aforest products.
=650  \3$aforest resources.
=650  \3$aroundwood.
=650  \3$atimber production.
=650  \3$asawmills.
=651  \3$aUtah.
=651  \7$aUtah.$2fast$0(OCoLC)fst01204563
=655  \3$aInternet resource.
=700  1\$aKeegan, Charles E.,$cIII$0http://id.loc.gov/authorities/names/n81077734
=700  1\$aWichman, Daniel P.$0http://id.loc.gov/authorities/names/no92029460
=710  1\$aUnited States.$bDepartment of Agriculture.
=710  2\$aIntermountain Research Station (Ogden, Utah)$0http://id.loc.gov/authorities/names/n85066590
=776  08$iOnline version:$aMcLain, William H.$tUtah timber production and mill residue, 1992.$dOgden, UT : U.S. Dept. of Agriculture, Forest Service, Intermountain Research Station, [1997]$w(OCoLC)899687224
=830  \0$aResource bulletin INT ;$v92.
=856  41$uhttps://archive.org/details/utahtimberproduc92mcla
=912  \\$analcatalog
=930  \\$a20140603$b20140704$c00000000
=939  \\$a19980301$b19980309$c00000000
=945  \\$dML$e98/02/06$fGBP$g98/02/26
=945  \\$p24
=945  \\$aDigiMet
=946  \\$aUSDA
=994  \\$a92$bAGL

