=LDR  02127cam a2200541Ia 4500
=001  9915485234407426
=005  20240620170336.0
=008  030924s1962\\\\ncua\\\\\b\\\f000\0\eng\\
=016  7\$aCAT11138567$2DNAL
=035  \\$a905320
=035  \\$a(OCoLC)52855013
=035  \\$a(DNAL)905320-naldb-Voyager
=040  \\$aAGL$beng$cAGL$dOCLCQ$dKLG$dMTG$dOCLCA$dOCLCF$dOCLCQ$dOCLCO$dOCLCA$dAGM$dAGL
=043  \\$an-usu--
=049  \\$aAGLL
=050  \0$aSD144.A15$bS73 no. 152
=070  0\$a1.9622$bS4St2 no. 152
=072  \0$aK510
=086  0\$aA 13.63/9:152
=100  1\$aPage, Rufus H.$0http://id.loc.gov/authorities/names/no98133139
=245  10$aPretreating turpentined longleaf pine poles to improve penetration and retention of creosote /$cby Rufus H. Page and John H. Perry, Jr.
=260  \\$aAsheville, N.C. :$bU.S. Dept. of Agriculture, Forest Service, Southeastern Forest Experiment Station,$c[1962]
=300  \\$a13 pages :$billustrations ;$c27 cm.
=336  \\$atext$btxt$2rdacontent
=337  \\$aunmediated$bn$2rdamedia
=338  \\$avolume$bnc$2rdacarrier
=490  1\$aStation paper ;$vno. 152
=504  \\$aIncludes bibliographical references.
=591  \\$bNAL Reclamation
=593  \\$fAgricola CAT
=650  \0$aWood preservatives.$0http://id.loc.gov/authorities/subjects/sh85147888
=650  \0$aWood$xPreservation$zSouthern States.
=650  \0$aLongleaf pine$zSouthern States.
=650  \3$aturpentine.
=650  \3$aPinus palustris.
=650  \3$apreservative treated wood.
=650  \3$acreosote.
=651  \7$aSouthern States.$2fast$0(OCoLC)fst01244550
=655  \3$aInternet resource.
=700  1\$aPerry, John H.,$d1917-2006.$0http://id.loc.gov/authorities/names/n81143460
=710  2\$aSoutheastern Forest Experiment Station (Asheville, N.C.)
=830  \0$aStation paper (Southeastern Forest Experiment Station (Asheville, N.C.)) ;$vno. 152.
=856  41$uhttps://archive.org/details/pretreatingturpe152page
=912  \\$analcatalog
=930  \\$a20140702$b20140807$c00000000
=945  \\$dML$e2003/08/15$fRY$g2003/09/24$n1
=945  \\$p20
=945  \\$aDigiMet
=946  \\$aUSDA
=994  \\$a92$bAGL

