=LDR  01977cam a2200541Ia 4500
=001  9915485245407426
=005  20240620172439.0
=008  030929s1962\\\\ncua\\\\\b\\\f000\0\eng\d
=016  7\$aCAT11138722$2DNAL
=035  \\$a905475
=035  \\$a(OCoLC)38227264
=035  \\$a(DNAL)905475-naldb-Voyager
=040  \\$aNMW$beng$cNMW$dAGL$dOCLCQ$dKLG$dMTG$dOCLCQ$dOCLCF$dOCLCQ$dOCLCA$dAGM$dINT$dOCLCQ$dOCL
=043  \\$an-usa--
=049  \\$aAGLL
=050  \0$aSD144.A15$bS73 no. 149
=070  0\$a1.9622$bS4St2 no. 149
=072  \0$aK120
=086  0\$aA 13.63/9:SE/149
=086  0\$aA 13.63/9:149
=100  1\$aVimmerstedt, J. P.$0http://id.loc.gov/authorities/names/n87128518
=245  10$aSouthern Appalachian white pine plantations :$bsite, volume and yield /$cby John P. Vimmerstedt.
=260  \\$aAsheville, N.C. :$bU.S. Dept. of Agriculture, Forest Service, Southeastern Forest Experiment Station,$c[1962]
=300  \\$a13 pages :$billustrations ;$c27 cm
=336  \\$atext$btxt$2rdacontent
=337  \\$aunmediated$bn$2rdamedia
=338  \\$avolume$bnc$2rdacarrier
=490  1\$aStation paper ;$vno. 149
=504  \\$aIncludes bibliographical references (page 1).
=591  \\$bNAL Reclamation
=593  \\$fAgricola CAT
=650  \0$aWhite pine$zAppalachian Region, Southern.
=650  \3$aPinus strobus.
=650  \3$aRibes.
=650  \3$avolume.
=650  \3$ayields.
=650  \3$aforest plantations.
=651  \3$aAppalachian region.
=651  \7$aSouthern Appalachian Region.$2fast$0(OCoLC)fst01864776
=655  \3$aInternet resource.
=710  2\$aSoutheastern Forest Experiment Station (Asheville, N.C.)
=830  \0$aStation paper (Southeastern Forest Experiment Station (Asheville, N.C.)) ;$vno. 149.
=856  41$uhttps://archive.org/details/southernappalach149vimm
=912  \\$analcatalog
=930  \\$a20140702$b20140807$c00000000
=945  \\$dML$e2003/08/15$fRY$g2003/09/29$n1
=945  \\$p22
=945  \\$aDigiMet
=946  \\$aUSDA
=994  \\$a92$bAGL

