=LDR  02115cam a2200565Ia 4500
=001  9915485245607426
=005  20240620172424.0
=008  030924s1962\\\\ncua\\\\\b\\\f000\0\eng\\
=016  7\$aCAT11138571$2DNAL
=019  \\$a1231858768
=035  \\$a905324
=035  \\$a(OCoLC)52856785$z(OCoLC)1231858768
=035  \\$a(DNAL)905324-naldb-Voyager
=035  \\$z(OCoLC)1231858768
=040  \\$aAGL$beng$cAGL$dOCLCQ$dKLG$dMTG$dOCLCQ$dOCLCA$dOCLCF$dAGM$dOCLCO$dAGL
=043  \\$an-us-nc
=049  \\$aAGLL
=050  \0$aSD144.A15$bS73 no. 147
=070  0\$a1.9622$bS4St2 no. 147
=072  \0$aF600
=086  0\$aA 13.63/9:147
=100  1\$aWendel, G. W.$0http://id.loc.gov/authorities/names/n82228428
=245  10$aSeasonal moisture fluctuations in four species of pocosin vegetation /$cby George W. Wendel and Theodore G. Storey.
=260  \\$aAsheville, N.C. :$bU.S. Dept. of Agriculture, Forest Service, Southeastern Forest Experiment Station,$c[1962]
=300  \\$a9 pages :$billustrations ;$c27 cm.
=336  \\$atext$btxt$2rdacontent
=337  \\$aunmediated$bn$2rdamedia
=338  \\$avolume$bnc$2rdacarrier
=490  1\$aStation paper ;$vno. 147
=504  \\$aIncludes bibliographical references (page 9).
=591  \\$bNAL Reclamation
=593  \\$fAgricola CAT
=650  \0$aUnderstory plants$xMoisture$zNorth Carolina.
=650  \0$aWetland ecology$zNorth Carolina.
=650  \3$afuels.
=650  \3$awater content.
=650  \3$aseasonal variation.
=650  \3$acoasts.
=651  \3$aNorth Carolina.
=651  \7$aNorth Carolina.$2fast$0(OCoLC)fst01204304
=655  \3$aInternet resource.
=700  1\$aStorey, Theodore G.$0http://id.loc.gov/authorities/names/n82052985
=710  2\$aSoutheastern Forest Experiment Station (Asheville, N.C.)
=830  \0$aStation paper (Southeastern Forest Experiment Station (Asheville, N.C.)) ;$vno. 147.
=856  41$uhttps://archive.org/details/seasonalmoisture147wend
=912  \\$analcatalog
=930  \\$a20140702$b20140807$c00000000
=945  \\$dML$e2003/08/15$fRY$g2003/09/24$n1
=945  \\$p16
=945  \\$aDigiMet
=946  \\$aUSDA
=994  \\$a92$bAGL

