=LDR  01728cam a2200469 a 4500
=001  9915485252207426
=005  20240620172439.0
=008  030917s1957\\\\ncua\\\\\\\\\f000\0\eng\\
=016  7\$aCAT11138467$2DNAL
=035  \\$a905221
=035  \\$a(OCoLC)53010739
=035  \\$a(DNAL)905221-naldb-Voyager
=040  \\$aAGL$beng$cAGL$dOCLCQ$dKLG$dMTG$dEXW$dOCLCF$dOCLCQ$dOCLCO$dAGM$dOCLCQ$dAGL
=043  \\$an-usu--
=049  \\$aAGLL
=050  \0$aSD144.A15$bS73 no. 83
=070  0\$a1.9622$bS4St2 no. 83
=072  \0$aK200
=086  0\$aA 13.63/9:83
=100  1\$aCampbell, Robert A.,$d1910-1993.$0http://id.loc.gov/authorities/names/no2010109423
=245  10$aTen years of experimental farm woodland management in the Southern Appalachians /$cby Robert A. Campbell.
=260  \\$aAsheville, N.C. :$bU.S. Dept. of Agriculture, Forest Service, Southeastern Forest Experiment Station,$c[1957]
=300  \\$a11 pages :$billustrations ;$c27 cm
=336  \\$atext$btxt$2rdacontent
=337  \\$aunmediated$bn$2rdamedia
=338  \\$avolume$bnc$2rdacarrier
=490  1\$aStation paper ;$vno. 83
=591  \\$bNAL Reclamation
=593  \\$fAgricola CAT
=650  \0$aForest management$zSouthern States.
=650  \3$afarm woodlands.
=650  \3$aforest management.
=651  \3$aAppalachian region.
=651  \7$aSouthern States.$2fast$0(OCoLC)fst01244550
=655  \3$aInternet resource.
=830  \0$aStation paper (Southeastern Forest Experiment Station (Asheville, N.C.)) ;$vno. 83.
=856  41$uhttps://archive.org/details/tenyearsofexperi83camp
=912  \\$analcatalog
=930  \\$a20140702$b20140807$c00000000
=945  \\$dML$e2003/09/11$fRY$g2003/09/17$n1
=945  \\$p18
=945  \\$aDigiMet
=946  \\$aUSDA
=994  \\$a92$bAGL

