=LDR  01999cam a2200553Ia 4500
=001  9915485259007426
=005  20240620172445.0
=008  030924s1962\\\\ncua\\\\\b\\\f000\0\eng\d
=016  7\$aCAT11138518$2DNAL
=035  \\$a905271
=035  \\$a(OCoLC)01745754
=035  \\$a(DNAL)905271-naldb-Voyager
=040  \\$aJPL$beng$cJPL$dOCL$dOCLCQ$dAGL$dOCLCQ$dKLG$dLHL$dOCLCQ$dOCLCF$dOCLCQ$dOCLCO$dOCLCA$dAGM$dOCLCA
=043  \\$an-us-fl
=049  \\$aAGLL
=050  \0$aSD144.A15$bS73 no. 146
=070  0\$a1.9622$bS4St2 no. 146
=072  \0$aK810
=086  0\$aA 13.63/9:146
=100  1\$aHilmon, J. B.
=245  10$aEffect of burning on South Florida range /$cby J.B. Hilmon & C.E. Lewis.
=260  \\$aAsheville, N.C. :$bU.S. Dept. of Agriculture, Forest Service, Southeastern Forest Experiment Station,$c[1962]
=300  \\$a12 pages :$billustrations ;$c27 cm.
=336  \\$atext$btxt$2rdacontent
=337  \\$aunmediated$bn$2rdamedia
=338  \\$avolume$bnc$2rdacarrier
=490  1\$aStation paper ;$vno. 146
=504  \\$aIncludes bibliographical references.
=591  \\$bNAL Reclamation
=593  \\$fAgricola CAT
=650  \0$aForest influences.$0http://id.loc.gov/authorities/subjects/sh85050593
=650  \0$aForest fires$zFlorida.
=651  \0$aFlorida$xForest fires.
=650  \0$aForests and forestry$zFlorida.
=651  \0$aFlorida$xForests and forestry.
=650  \3$aprescribed burning.
=650  \3$arangelands.
=650  \3$alivestock.
=651  \7$aFlorida.$2fast$0(OCoLC)fst01205150
=655  \3$aInternet resource.
=700  1\$aLewis, Claire E.
=710  2\$aSoutheastern Forest Experiment Station (Asheville, N.C.)
=830  \0$aStation paper (Southeastern Forest Experiment Station (Asheville, N.C.)) ;$vno. 146.
=856  41$uhttps://archive.org/details/effectofburningo146hilm
=912  \\$analcatalog
=930  \\$a20140702$b20140807$c00000000
=945  \\$dML$e2003/08/15$fRY$g2003/09/24$n1
=945  \\$p20
=945  \\$aDigiMet
=946  \\$aUSDA
=994  \\$a92$bAGL

