=LDR  01887cam a2200529Ia 4500
=001  9915485260307426
=005  20240620172429.0
=008  030924s1962\\\\ncua\\\\\b\\\f000\0\eng\d
=016  7\$aCAT11138569$2DNAL
=035  \\$a905322
=035  \\$a(OCoLC)52856424
=035  \\$a(DNAL)905322-naldb-Voyager
=040  \\$aAGL$beng$cAGL$dOCLCQ$dMTG$dKLG$dOCLCQ$dOCLCO$dOCLCA$dOCLCF$dAGM$dOCLCA$dAGL
=043  \\$an-us-ga
=049  \\$aAGLL
=050  \0$aSD144.A15$bS73 no. 150
=070  0\$a1.9622$bS4St2 no. 150
=072  \0$aK120
=086  0\$aA 13.63/9:150
=100  1\$aHarms, William R.
=245  10$aSpacing-environmental relationships in a slash pine plantation /$cby William R. Harms.
=260  \\$aAsheville, N.C. :$bU.S. Dept. of Agriculture, Forest Service, Southeastern Forest Experiment Station,$c[1962]
=300  \\$a16 pages :$billustrations ;$c27 cm.
=336  \\$atext$btxt$2rdacontent
=337  \\$aunmediated$bn$2rdamedia
=338  \\$avolume$bnc$2rdacarrier
=490  1\$aStation paper ;$vno. 150
=504  \\$aIncludes bibliographical references (page 16).
=591  \\$bNAL Reclamation
=593  \\$fAgricola CAT
=650  \0$aSlash pine$zGeorgia.
=650  \0$aPine$xSoils$zGeorgia.
=650  \0$aPine$xSpacing$zGeorgia.
=650  \3$aPinus elliottii.
=650  \3$aforest plantations.
=650  \3$aspatial distribution.
=650  \3$aenvironmental factors.
=651  \7$aGeorgia.$2fast$0(OCoLC)fst01204622
=655  \3$aInternet resource.
=710  2\$aSoutheastern Forest Experiment Station (Asheville, N.C.)
=830  \0$aStation paper (Southeastern Forest Experiment Station (Asheville, N.C.)) ;$vno. 150.
=856  41$uhttps://archive.org/details/spacingenvironme150harm
=912  \\$analcatalog
=930  \\$a20140702$b20140807$c00000000
=945  \\$dML$e2003/08/15$fRY$g2003/09/24$n1
=945  \\$p24
=945  \\$aDigiMet
=946  \\$aUSDA
=994  \\$a92$bAGL

