=LDR  02145cam a22005171a 4500
=001  9915485274607426
=005  20240620172422.0
=008  030917s1957\\\\ncu\\\\\\b\\\f000\0\eng\c
=010  \\$aagr57000272 
=016  7\$aCAT11138420$2DNAL
=019  \\$a1039822281$a1231872938
=035  \\$a905174
=035  \\$a(OCoLC)08114116$z(OCoLC)1039822281$z(OCoLC)1231872938
=035  \\$a(DNAL)905174-naldb-Voyager
=035  \\$z(OCoLC)1039822281$z(OCoLC)1231872938
=040  \\$aU.S. Dept. of Agri. Libr.$beng$cDLC$dOCLCQ$dAGL$dBTCTA$dOCLCG$dMTG$dOCLCF$dOCLCQ$dAGM$dOCL
=049  \\$aAGLL
=050  10$aSB945$b.S635$aZ5858
=070  0\$a1.9622$bS4St2 no. 80
=072  \0$aF821
=086  0\$aA 13.63/9:80
=100  1\$aOsgood, Eben A.,$d1929-$0http://id.loc.gov/authorities/names/n79081280
=245  12$aA bibliography on the southern pine beetle :$bDendroctonus frontalis Zimm /$ccompiled by E.A. Osgood.
=246  30$aDendroctonus frontalis Zimm
=260  \\$aAsheville, N.C. :$bU.S. Dept. of Agriculture, Forest Service, Southern Forest Experiment Station,$c[1957]
=300  \\$a19 pages ;$c27 cm.
=336  \\$atext$btxt$2rdacontent
=337  \\$aunmediated$bn$2rdamedia
=338  \\$avolume$bnc$2rdacarrier
=490  1\$aStation paper ;$vno. 80
=504  \\$aIs a bibliography.
=591  \\$bNAL Reclamation
=593  \\$fAgricola CAT
=650  \0$aSouthern pine beetle$vBibliography.
=650  \3$aDendroctonus frontalis$vBibliography.
=655  \3$aInternet resource.
=655  \7$aBibliographies.$2fast$0(OCoLC)fst01919895
=776  08$iOnline version:$aOsgood, Eben A., 1929-$tBibliography on the southern pine beetle.$dAsheville, N.C. : U.S. Dept. of Agriculture, Forest Service, Southern Forest Experiment Station, [1957]$w(OCoLC)691042943
=830  \0$aStation paper (Southeastern Forest Experiment Station (Asheville, N.C.)) ;$vno. 80.
=856  41$uhttps://archive.org/details/bibliographyonso80osgo
=912  \\$analcatalog
=930  \\$a20140702$b20140807$c00000000
=938  \\$aBaker and Taylor$bBTCP$nagr57000272
=945  \\$dML$e2003/09/12$fRY$g2003/09/17$n1
=945  \\$p26
=945  \\$aDigiMet
=946  \\$aUSDA
=994  \\$a92$bAGL

