=LDR  01814cam a2200493 a 4500
=001  9915485275007426
=005  20240620172437.0
=008  030917s1956\\\\ncuab\\\\\\\\f000\0\eng\\
=016  7\$aCAT11138456$2DNAL
=035  \\$a905210
=035  \\$a(OCoLC)52984816
=035  \\$a(DNAL)905210-naldb-Voyager
=040  \\$aAGL$beng$cAGL$dOCLCQ$dCOF$dKLG$dOCLCF$dOCLCQ$dOCLCA$dAGM$dOCLCQ$dOCLCO$dAGL
=043  \\$an-usu--
=049  \\$aAGLL
=050  \0$aSD144.A15$bS73 no. 70
=070  0\$a1.9622$bS4St2 no. 70
=072  \0$aK510
=086  0\$aA 13.63/9:70
=100  1\$aLarson, Robert W.$q(Robert Walter),$d1918-$0http://id.loc.gov/authorities/names/n88649541
=245  10$aHardwood timber resources in Central and Northern Georgia /$cby Robert W. Larson.
=260  \\$aAsheville, N.C. :$bSoutheastern Forest Experiment Station, U.S. Dept. of Agriculture, Forest Service,$c[1956]
=300  \\$a48 pages :$billustrations, maps ;$c27 cm
=336  \\$atext$btxt$2rdacontent
=337  \\$aunmediated$bn$2rdamedia
=338  \\$avolume$bnc$2rdacarrier
=490  1\$aStation paper ;$vno. 70
=591  \\$bNAL Reclamation
=593  \\$fAgricola CAT
=650  \0$aTimber$zSouthern States.
=650  \0$aForests and forestry$zSouthern States.
=650  \3$ahardwood.
=650  \3$atimber supply.
=651  \3$aGeorgia
=651  \7$aSouthern States.$2fast$0(OCoLC)fst01244550
=655  \3$aInternet resource.
=710  2\$aSoutheastern Forest Experiment Station (Asheville, N.C.)
=830  \0$aStation paper (Southeastern Forest Experiment Station (Asheville, N.C.)) ;$vno. 70.
=856  41$uhttps://archive.org/details/hardwoodtimberre70lars
=912  \\$analcatalog
=930  \\$a20140702$b20140807$c00000000
=945  \\$dML$e2003/09/08$fRY$g2003/09/17$n1
=945  \\$p54
=945  \\$aDigiMet
=946  \\$aUSDA
=994  \\$a92$bAGL

