=LDR  01884cam a2200493Ia 4500
=001  9915485277307426
=005  20240620172440.0
=008  030917s1957\\\\ncub\\\\\b\\\f000\0\eng\d
=016  7\$aCAT11138469$2DNAL
=019  \\$a53011261
=035  \\$a905223
=035  \\$a(OCoLC)50531178$z(OCoLC)53011261
=035  \\$a(DNAL)905223-naldb-Voyager
=035  \\$z(OCoLC)53011261
=040  \\$aVXG$beng$cVXG$dAGL$dKLG$dMTG$dOCLCA$dOCLCF$dOCLCQ$dOCLCO$dNOC$dOCLCA
=043  \\$an-usu--
=049  \\$aAGLL
=050  \0$aSD144.A15$bS73 no. 86
=070  0\$a1.9622$bS4St2 no. 86
=072  \0$aF700
=072  \0$aK001
=086  0\$aA 13.63/9:86
=100  1\$aCampbell, Robert A.,$d1910-1993.$0http://id.loc.gov/authorities/names/no2010109423
=245  10$aSilvical characteristics of scarlet oak /$cby Robert A. Campbell.
=260  \\$aAsheville, N.C. :$bU.S. Dept. of Agriculture, Forest Service, Southeastern Forest Experiment Station,$c1957.
=300  \\$a8 pages :$bmap ;$c27 cm.
=336  \\$atext$btxt$2rdacontent
=337  \\$aunmediated$bn$2rdamedia
=338  \\$avolume$bnc$2rdacarrier
=490  1\$aStation paper ;$vno. 86
=504  \\$aIncludes bibliographical references (pages 7-8).
=591  \\$bNAL Reclamation
=593  \\$fAgricola CAT
=650  \0$aQuercus coccinea.$0http://id.loc.gov/authorities/subjects/sh2013002668
=655  \3$aInternet resource.
=710  1\$aUnited States.$bDepartment of Agriculture.
=710  2\$aSoutheastern Forest Experiment Station (Asheville, N.C.)$0http://id.loc.gov/authorities/names/n79063970
=830  \0$aStation paper (Southeastern Forest Experiment Station (Asheville, N.C.)) ;$vno. 86.
=856  41$uhttps://archive.org/details/silvicalcharacte86camp
=912  \\$analcatalog
=930  \\$a20140702$b20140807$c00000000
=945  \\$dML$e2003/09/11$fRY$g2003/09/17$n1
=945  \\$p16
=945  \\$aDigiMet
=946  \\$aUSDA
=994  \\$a92$bAGL

