=LDR  02181cam a2200589Ia 4500
=001  9915485279507426
=005  20240620172452.0
=008  030917s1956\\\\ncuab\\\\b\\\f000\0\eng\d
=016  7\$aCAT11138421$2DNAL
=035  \\$a905175
=035  \\$a(OCoLC)11995341
=035  \\$a(DNAL)905175-naldb-Voyager
=040  \\$aEMA$beng$cEMA$dAGL$dCOF$dKLG$dOCLCQ$dOCLCF$dOCLCQ$dOCLCA$dAGM
=043  \\$an-us---
=049  \\$aAGLL
=050  \0$aSD144.A15$bS73 no. 68
=070  0\$a1.9622$bS4St2 no. 68
=072  \0$aP200
=086  0\$aA 13.63/9:68
=100  1\$aJohnson, Edward A.
=245  10$aOutline for compiling precipitation, runoff and ground water data from small watersheds /$cby Edward A. Johnson and Robert E. Dils.
=260  \\$aAsheville, N.C. :$bSoutheastern Forest Experiment Station, U.S. Dept. of Agriculture, Forest Service,$c[1956]
=300  \\$a40 pages :$billustrations, map ;$c27 cm.
=336  \\$atext$btxt$2rdacontent
=337  \\$aunmediated$bn$2rdamedia
=338  \\$avolume$bnc$2rdacarrier
=490  1\$aStation paper ;$vno. 68
=504  \\$aIncludes bibliographical references.
=591  \\$bNAL Reclamation
=593  \\$fAgricola CAT
=650  \0$aPrecipitation (Meteorology)$zUnited States.
=650  \0$aRunoff$zUnited States.
=650  \0$aGroundwater flow$zUnited States.
=650  \0$aWatersheds$zUnited States.$0http://id.loc.gov/authorities/subjects/sh93001129
=650  \3$awater resources.
=650  \3$aland management.
=650  \3$amethodology.
=650  \3$awatersheds.
=650  \3$arunoff.
=650  \3$agroundwater.
=650  \3$adata analysis.
=651  \7$aUnited States.$2fast$0(OCoLC)fst01204155
=655  \3$aInternet resource.
=700  1\$aDils, Robert E.$0http://id.loc.gov/authorities/names/n81098056
=710  2\$aSoutheastern Forest Experiment Station (Asheville, N.C.)
=830  \0$aStation paper (Southeastern Forest Experiment Station (Asheville, N.C.)) ;$vno. 68.
=856  41$uhttps://archive.org/details/outlineforcompil68john
=912  \\$analcatalog
=930  \\$a20140702$b20140807$c00000000
=945  \\$dML$e2003/09/08$fRY$g2003/09/17$n1
=945  \\$p48
=945  \\$aDigiMet
=946  \\$aUSDA
=994  \\$a92$bAGL

