=LDR  01903cam a2200505 a 4500
=001  9915485279907426
=005  20240620172430.0
=008  030911s1959\\\\ncub\\\\\\\\\f000\0\eng\\
=016  7\$aCAT11138290$2DNAL
=035  \\$a905045
=035  \\$a(OCoLC)52964082
=035  \\$a(DNAL)905045-naldb-Voyager
=040  \\$aAGL$beng$cAGL$dOCLCQ$dOCLCG$dKLG$dMTG$dOCLCF$dOCLCQ$dNOC$dAGM$dOCLCA$dOCLCQ$dAGL
=043  \\$an-usu--
=049  \\$aAGLL
=050  \0$aSD144.A15$bS73 no. 100
=070  0\$a1.9622$bS4St2 no. 100
=072  \0$aF821
=072  \0$aK001
=086  0\$aA 13.63/9:100
=100  1\$aNagel, William P.$q(William Payne),$d1929-$0http://id.loc.gov/authorities/names/no99078950
=245  10$aForest insect conditions in the Southeast during 1958 /$cby W.P. Nagel.
=260  \\$aAsheville, N.C. :$bU.S. Dept. of Agriculture, Forest Service Southeastern Forest Experiment Station,$c[1959]
=300  \\$a10 pages :$bmaps ;$c27 cm
=336  \\$atext$btxt$2rdacontent
=337  \\$aunmediated$bn$2rdamedia
=338  \\$avolume$bnc$2rdacarrier
=490  1\$aStation paper ;$vno. 100
=591  \\$bNAL Reclamation
=593  \\$fAgricola CAT
=650  \0$aForest insects$zSouthern States.
=650  \3$aforest pests.
=650  \3$ainsect pests.
=651  \3$aSoutheastern United States.
=651  \7$aSouthern States.$2fast$0(OCoLC)fst01244550
=655  \3$aInternet resource.
=710  1\$aUnited States.$bDepartment of Agriculture.
=710  2\$aSoutheastern Forest Experiment Station (Asheville, N.C.)$0http://id.loc.gov/authorities/names/n79063970
=830  \0$aStation paper (Southeastern Forest Experiment Station (Asheville, N.C.)) ;$vno. 100.
=856  41$uhttps://archive.org/details/forestinsectcond100nage
=912  \\$analcatalog
=930  \\$a20140702$b20140807$c00000000
=945  \\$dDF$e2003/09/04$fRY$g2003/09/11$n1
=945  \\$p18
=945  \\$aDigiMet
=946  \\$aUSDA
=994  \\$a92$bAGL

