=LDR  01733cam a2200457Ia 4500
=001  9915485280307426
=005  20240620172430.0
=008  030917s1957\\\\ncub\\\\\b\\\f000\0\eng\d
=016  7\$aCAT11138450$2DNAL
=035  \\$a905204
=035  \\$a(OCoLC)50531332
=035  \\$a(DNAL)905204-naldb-Voyager
=040  \\$aVXG$beng$cVXG$dAGL$dKLG$dMTG$dOCLCF$dOCLCQ$dNOC$dAGM$dOCLCA
=049  \\$aAGLL
=050  \0$aSD144.A15$bS73 no. 87
=070  0\$a1.9622$bS4St2 no. 87
=072  \0$aF110
=086  0\$aA 13.63/9:87
=100  1\$aVimmerstedt, J. P.
=245  10$aSilvical characteristics of flowering dogwood /$cby John P. Vimmerstedt.
=260  \\$aAsheville, N.C. :$bU.S. Dept. of Agriculture, Forest Service, Southeastern Forest Experiment Station,$c[1957]
=300  \\$a11 pages :$bmap ;$c27 cm.
=336  \\$atext$btxt$2rdacontent
=337  \\$aunmediated$bn$2rdamedia
=338  \\$avolume$bnc$2rdacarrier
=490  1\$aStation paper ;$vno. 87
=504  \\$aIncludes bibliographical references (pages 9-11).
=591  \\$bNAL Reclamation
=593  \\$fAgricola CAT
=650  \0$aFlowering dogwood.$0http://id.loc.gov/authorities/subjects/sh85049324
=650  \3$aCornus florida.
=655  \3$aInternet resource.
=710  1\$aUnited States.$bDepartment of Agriculture.
=710  2\$aSoutheastern Forest Experiment Station (Asheville, N.C.)$0http://id.loc.gov/authorities/names/n79063970
=830  \0$aStation paper (Southeastern Forest Experiment Station (Asheville, N.C.)) ;$vno. 87.
=856  41$uhttps://archive.org/details/silvicalcharacte87vimm
=912  \\$analcatalog
=930  \\$a20140702$b20140807$c00000000
=945  \\$dML$e2003/09/12$fRY$g2003/09/17$n1
=945  \\$p18
=945  \\$aDigiMet
=946  \\$aUSDA
=994  \\$a92$bAGL

