=LDR  01928cam a2200517 a 4500
=001  9915485281507426
=005  20240620172428.0
=008  030917s1956\\\\ncub\\\\\\\\\f000\0\eng\\
=016  7\$aCAT11138454$2DNAL
=035  \\$a905208
=035  \\$a(OCoLC)52984402
=035  \\$a(DNAL)905208-naldb-Voyager
=040  \\$aAGL$beng$cAGL$dOCLCQ$dKLG$dMTG$dOCLCF$dOCLCQ$dCOD$dOCLCA$dAGM$dOCLCQ$dAGL
=043  \\$an-usu--
=049  \\$aAGLL
=050  \0$aSD144.A15$bS73 no.67
=070  0\$a1.9622$bS4St2 no. 67
=072  \0$aF821
=072  \0$aK001
=086  0\$aA 13.63/9:67
=100  1\$aMerkel, Edward P.$0http://id.loc.gov/authorities/names/n82072885
=245  10$aForest insect conditions in the Southeast during 1955 /$cby E.P. Merkel and R.J. Kowal.
=260  \\$aAsheville, N.C. :$bU.S. Dept. of Agriculture, Forest Service Southeastern Forest Experiment Station,$c[1956]
=300  \\$a9 pages :$bmap ;$c27 cm
=336  \\$atext$btxt$2rdacontent
=337  \\$aunmediated$bn$2rdamedia
=338  \\$avolume$bnc$2rdacarrier
=490  1\$aStation paper ;$vno. 67
=591  \\$bNAL Reclamation
=593  \\$fAgricola CAT
=650  \0$aForest insects$zSouthern States.
=650  \3$aforest pests.
=650  \3$ainsect pests.
=651  \3$aSoutheastern United States.
=651  \7$aSouthern States.$2fast$0(OCoLC)fst01244550
=655  \3$aInternet resource.
=700  1\$aKowal, R. J.$q(R. Joseph),$d1911-$0http://id.loc.gov/authorities/names/no99036694
=710  1\$aUnited States.$bDepartment of Agriculture.
=710  2\$aSoutheastern Forest Experiment Station (Asheville, N.C.)
=830  \0$aStation paper (Southeastern Forest Experiment Station (Asheville, N.C.)) ;$vno. 67.
=856  41$uhttps://archive.org/details/forestinsectcond67merk
=912  \\$analcatalog
=930  \\$a20140702$b20140807$c00000000
=945  \\$dML$e2003/09/08$fRY$g2003/09/17$n1
=945  \\$p16
=945  \\$aDigiMet
=946  \\$aUSDA
=994  \\$a92$bAGL

