=LDR  01747cam a2200481Ia 4500
=001  9915485281707426
=005  20240620172427.0
=008  030917s1957\\\\ncua\\\\\\\\\f000\0\eng\\
=016  7\$aCAT11138461$2DNAL
=035  \\$a905215
=035  \\$a(OCoLC)53004433
=035  \\$a(DNAL)905215-naldb-Voyager
=040  \\$aAGL$beng$cAGL$dOCLCQ$dCOF$dKLG$dOCLCF$dOCLCQ$dOCLCA$dAGM$dAGL
=043  \\$an-us---
=049  \\$aAGLL
=050  \0$aSD144.A15$bS73 no. 77
=070  0\$a1.9622$bS4St2 no. 77
=072  \0$aN200
=072  \0$aK001
=086  0\$aA 13.63/9:77
=100  1\$aClements, Ralph W.$0http://id.loc.gov/authorities/names/n82087451
=245  10$aNew spray puller for turpentining ... and how to use it /$cby Ralph W. Clements.
=260  \\$aAsheville, N.C. :$bU.S. Dept. of Agriculture, Forest Service, Southeastern Forest Experiment Station,$c[1957]
=300  \\$a15 pages :$billustrations ;$c27 cm.
=336  \\$atext$btxt$2rdacontent
=337  \\$aunmediated$bn$2rdamedia
=338  \\$avolume$bnc$2rdacarrier
=490  1\$aStation paper ;$vno. 77
=591  \\$bNAL Reclamation
=593  \\$fAgricola CAT
=650  \0$aSpraying equipment$zUnited States.
=650  \0$aAgricultural implements$zUnited States.
=650  \3$aturpentine.
=651  \7$aUnited States.$2fast$0(OCoLC)fst01204155
=655  \3$aInternet resource.
=710  2\$aSoutheastern Forest Experiment Station (Asheville, N.C.)
=830  \0$aStation paper (Southeastern Forest Experiment Station (Asheville, N.C.)) ;$vno. 77.
=856  41$uhttps://archive.org/details/newspraypullerfo77clem
=912  \\$analcatalog
=930  \\$a20140702$b20140807$c00000000
=945  \\$dML$e2003/09/10$fRY$g2003/09/17$n1
=945  \\$p22
=945  \\$aDigiMet
=946  \\$aUSDA
=994  \\$a92$bAGL

