=LDR  01885cam a2200505Ia 4500
=001  9915485393907426
=005  20240620171839.0
=008  030924s1962\\\\ncua\\\\\b\\\f000\0\eng\\
=016  7\$aCAT11138577$2DNAL
=035  \\$a905330
=035  \\$a(OCoLC)52958721
=035  \\$a(DNAL)905330-naldb-Voyager
=040  \\$aAGL$beng$cAGL$dKLG$dMTG$dOCLCQ$dOCLCA$dOCLCF$dAGM$dAGL
=049  \\$aAGLL
=050  \0$aSD144.A15$bS73 no. 141
=070  0\$a1.9622$bS4St2 no. 141
=072  \0$aF200
=086  0\$aA 13.63/9:141
=100  1\$aCarter, Mason C.
=245  14$aThe effect of hydrogen peroxide on the germination of loblolly and slash pine seed /$cby Mason C. Carter and LeRoy Jones.
=260  \\$aAsheville, N.C. :$bU.S. Dept. of Agriculture, Forest Service, Southeastern Forest Experiment Station,$c[1962]
=300  \\$a12 pages :$billustrations ;$c27 cm.
=336  \\$atext$btxt$2rdacontent
=337  \\$aunmediated$bn$2rdamedia
=338  \\$avolume$bnc$2rdacarrier
=490  1\$aStation paper ;$vno. 141
=504  \\$aIncludes bibliographical references (page 12).
=591  \\$bNAL Reclamation
=593  \\$fAgricola CAT
=650  \0$aLoblolly pine$xPreharvest sprouting.
=650  \0$aSlash pine$xPreharvest sprouting.
=650  \0$aHydrogen peroxide.$0http://id.loc.gov/authorities/subjects/sh85063431
=650  \3$ahydrogen peroxide.
=650  \3$aPinus elliottii.
=650  \3$aseed germination.
=655  \3$aInternet resource.
=700  1\$aJones, Leroy.
=710  2\$aSoutheastern Forest Experiment Station (Asheville, N.C.)
=830  \0$aStation paper (Southeastern Forest Experiment Station (Asheville, N.C.)) ;$vno. 141.
=856  41$uhttps://archive.org/details/effectofhydrogen141cart
=912  \\$analcatalog
=930  \\$a20140702$b20140807$c00000000
=945  \\$dML$e2003/09/03$fRY$g2003/09/24$n1
=945  \\$p20
=945  \\$aDigiMet
=946  \\$aUSDA
=994  \\$a92$bAGL

