=LDR  02094cam a2200529Ia 4500
=001  9915485401407426
=005  20240620171847.0
=008  030917s1957\\\\ncuab\\\\\\\\f000\0\eng\\
=016  7\$aCAT11138468$2DNAL
=035  \\$a905222
=035  \\$a(OCoLC)53011067
=035  \\$a(DNAL)905222-naldb-Voyager
=040  \\$aAGL$beng$cAGL$dOCLCQ$dKLG$dMTG$dOCLCF$dOCLCQ$dNOC$dAGM$dOCLCA$dAGL
=043  \\$an-usu--
=049  \\$aAGLL
=050  \0$aSD144.A15$bS73 no. 84
=070  0\$a1.9622$bS4St2 no. 84
=072  \0$aW000
=072  \0$aE700
=072  \0$aK001
=086  0\$aA 13.63/9:84
=100  1\$aTodd, A. S.,$cJr.$q(Arthur Stanley),$d1911-1980.$0http://id.loc.gov/authorities/names/no2018021658
=245  13$aAn appraisal of methods for salvaging small-sawmill residues in the Southeast /$cby A.S. Todd, Jr. and Walter C. Anderson.
=260  \\$aAsheville, N.C. :$bU.S. Dept. of Agriculture, Forest Service, Southeastern Forest Experiment Station,$c[1957]
=300  \\$a37 pages :$billustrations, map ;$c27 cm.
=336  \\$atext$btxt$2rdacontent
=337  \\$aunmediated$bn$2rdamedia
=338  \\$avolume$bnc$2rdacarrier
=490  1\$aStation paper ;$vno. 84
=591  \\$bNAL Reclamation
=593  \\$fAgricola CAT
=650  \0$aSlash (Logging)$xEconomic aspects$zSouthern States.
=650  \0$aWood waste$xEconomic aspects$zSouthern States.
=650  \3$aslabs.
=650  \3$awood residues.
=651  \7$aSouthern States.$2fast$0(OCoLC)fst01244550
=655  \3$aInternet resource.
=700  1\$aAnderson, Walter C.$0http://id.loc.gov/authorities/names/n82147319
=710  1\$aUnited States.$bDepartment of Agriculture.
=710  2\$aSoutheastern Forest Experiment Station (Asheville, N.C.)$0http://id.loc.gov/authorities/names/n79063970
=830  \0$aStation paper (Southeastern Forest Experiment Station (Asheville, N.C.)) ;$vno. 84.
=856  41$uhttps://archive.org/details/appraisalofmetho84todd
=912  \\$analcatalog
=930  \\$a20140702$b20140807$c00000000
=945  \\$dML$e2003/09/11$fRY$g2003/09/17$n1
=945  \\$p44
=945  \\$aDigiMet
=946  \\$aUSDA
=994  \\$a92$bAGL

