=LDR  01837cam a2200493 a 4500
=001  9915485403807426
=005  20240620171838.0
=008  030917s1956\\\\ncua\\\\\b\\\f000\0\eng\\
=016  7\$aCAT11138455$2DNAL
=035  \\$a905209
=035  \\$a(OCoLC)52984700
=035  \\$a(DNAL)905209-naldb-Voyager
=040  \\$aAGL$beng$cAGL$dOCLCQ$dCOF$dKLG$dMTG$dOCLCQ$dOCLCA$dOCLCF$dAGM$dOCLCQ$dAGL
=043  \\$an-usu--
=049  \\$aAGLL
=050  \0$aSD144.A15$bS73 no. 69
=070  0\$a1.9622$bS4St2 no. 69
=072  \0$aK110
=072  \0$aK120
=086  0\$aA 13.63/9:69
=100  1\$aZak, Bratislav.$0http://id.loc.gov/authorities/names/n88679567
=245  10$aExperimental air-layering of shortleaf and loblolly pine /$cby Bratislav Zak.
=260  \\$aAsheville, N.C. :$bSoutheastern Forest Experiment Station, U.S. Dept. of Agriculture, Forest Service,$c[1956]
=300  \\$a12 pages :$billustrations ;$c27 cm
=336  \\$atext$btxt$2rdacontent
=337  \\$aunmediated$bn$2rdamedia
=338  \\$avolume$bnc$2rdacarrier
=490  1\$aStation paper ;$vno. 69
=504  \\$aIncludes bibliographical references (page 12).
=591  \\$bNAL Reclamation
=593  \\$fAgricola CAT
=650  \0$aLoblolly pine$xPropagation$zSouthern States.
=650  \0$aShortleaf pine$xPropagation$zSouthern States.
=650  \3$aPinus echinata.
=651  \7$aSouthern States.$2fast$0(OCoLC)fst01244550
=655  \3$aInternet resource.
=710  2\$aSoutheastern Forest Experiment Station (Asheville, N.C.)
=830  \0$aStation paper (Southeastern Forest Experiment Station (Asheville, N.C.)) ;$vno. 69.
=856  41$uhttps://archive.org/details/experimentalairl69zakb
=912  \\$analcatalog
=930  \\$a20140702$b20140807$c00000000
=945  \\$dML$e2003/09/08$fRY$g2003/09/17$n1
=945  \\$p18
=945  \\$aDigiMet
=946  \\$aUSDA
=994  \\$a92$bAGL

