=LDR  01918cam a2200529Ia 4500
=001  9915485407207426
=005  20240620171824.0
=008  030924s1962\\\\ncua\\\\\b\\\f000\0\eng\\
=016  7\$aCAT11138566$2DNAL
=035  \\$a905319
=035  \\$a(OCoLC)52854727
=035  \\$a(DNAL)905319-naldb-Voyager
=040  \\$aAGL$beng$cAGL$dOCLCQ$dKLG$dMTG$dOCLCF$dOCLCQ$dOCLCA$dAGM$dOCLCO$dAGL
=043  \\$an-usu--
=049  \\$aAGLL
=050  \0$aSD144.A15$bS73 no. 153
=070  0\$a1.9622$bS4St2 no. 153
=072  \0$aP300
=072  \0$aK001
=086  0\$aA 13.63/9:153
=100  1\$aRipley, Thomas H.
=245  10$aRecreation impact on Southern Appalachian campgrounds and picnic sites /$cby Thomas H. Ripley.
=260  \\$aAsheville, N.C. :$bU.S. Dept. of Agriculture, Forest Service, Southeastern Forest Experiment Station,$c[1962]
=300  \\$a20 pages :$billustrations ;$c27 cm.
=336  \\$atext$btxt$2rdacontent
=337  \\$aunmediated$bn$2rdamedia
=338  \\$avolume$bnc$2rdacarrier
=490  1\$aStation paper ;$vno. 153
=504  \\$aIncludes bibliographical references (page 20).
=591  \\$bNAL Reclamation
=593  \\$fAgricola CAT
=650  \0$aForests and forestry$xRecreational use$zSouthern States.
=650  \0$aCamp sites, facilities, etc.$zSouthern States.
=650  \3$arecreation.
=650  \3$aforest recreation.
=650  \3$arecreation areas.
=650  \3$acampgrounds.
=651  \7$aSouthern States.$2fast$0(OCoLC)fst01244550
=655  \3$aInternet resource.
=710  2\$aSoutheastern Forest Experiment Station (Asheville, N.C.)
=830  \0$aStation paper (Southeastern Forest Experiment Station (Asheville, N.C.)) ;$vno. 153.
=856  41$uhttps://archive.org/details/recreationimpact153ripl
=912  \\$analcatalog
=930  \\$a20140702$b20140807$c00000000
=945  \\$dML$e2003/08/15$fRY$g2003/09/24$n1
=945  \\$p28
=945  \\$aDigiMet
=946  \\$aUSDA
=994  \\$a92$bAGL

