=LDR  01747cam a2200493Ia 4500
=001  9915485410407426
=005  20240620171819.0
=008  030917s1957\\\\ncub\\\\\b\\\f000\0\eng\d
=016  7\$aCAT11138448$2DNAL
=035  \\$a905202
=035  \\$a(OCoLC)50531035
=035  \\$a(DNAL)905202-naldb-Voyager
=040  \\$aVXG$beng$cVXG$dAGL$dKLG$dMTG$dOCLCF$dOCLCQ$dAGM
=049  \\$aAGLL
=050  \0$aSD144.A15$bS73 no. 81
=070  0\$a1.9622$bS4St2 no. 81
=072  \0$aF700
=072  \0$aK001
=086  0\$aA 13.63/9:81
=100  1\$aCooper, Robert W.$q(Robert Warren),$d1921-
=245  10$aSilvical characteristics of slash pine (Pinus elliottii, Engelm. var. elliottii) /$cby Robert W. Cooper.
=260  \\$aAsheville, N.C. :$bU.S. Dept. of Agriculture, Forest Service, Southeastern Forest Experiment Station,$c[1957]
=300  \\$a12, [1] pages :$bmap ;$c27 cm.
=336  \\$atext$btxt$2rdacontent
=337  \\$aunmediated$bn$2rdamedia
=338  \\$avolume$bnc$2rdacarrier
=490  1\$aStation paper ;$vno. 81
=504  \\$aIncludes bibliographical references (pages 12-13).
=591  \\$bNAL Reclamation
=593  \\$fAgricola CAT
=650  \0$aSlash pine.$0http://id.loc.gov/authorities/subjects/sh86007150
=650  \3$aPinus elliottii.
=650  \3$aStand characteristics.
=650  \3$alife history.
=650  \3$aplant physiology.
=651  \3$aFlorida.
=655  \3$aInternet resource.
=830  \0$aStation paper (Southeastern Forest Experiment Station (Asheville, N.C.)) ;$vno. 81.
=856  41$uhttps://archive.org/details/silvicalcharacte81coop
=912  \\$analcatalog
=930  \\$a20140702$b20140807$c00000000
=945  \\$dML$e2003/09/11$fRY$g2003/09/17$n1
=945  \\$p20
=945  \\$aDigiMet
=946  \\$aUSDA
=994  \\$a92$bAGL

