=LDR  01810cam a2200493Ia 4500
=001  9915485415307426
=005  20240620171843.0
=008  030924s1962\\\\ncua\\\\\b\\\f000\0\eng\\
=016  7\$aCAT11138575$2DNAL
=035  \\$a905328
=035  \\$a(OCoLC)52955538
=035  \\$a(DNAL)905328-naldb-Voyager
=040  \\$aAGL$beng$cAGL$dOCLCQ$dKLG$dLHL$dOCLCF$dOCLCQ$dOCLCO$dOCLCA$dAGM$dAGL
=043  \\$an-us---
=049  \\$aAGLL
=050  \0$aSD144.A15$bS73 no. 143
=070  0\$a1.9622$bS4St2 no. 143
=072  \0$aJ000
=086  0\$aA 13.63/9:143
=100  1\$aDouglass, James E.
=245  10$aVariance of nuclear moisture measurements /$cby James E. Douglass.
=260  \\$aAsheville, N.C. :$bU.S. Dept. of Agriculture, Forest Service, Southeastern Forest Experiment Station,$c[1962]
=300  \\$a11 pages :$billustrations ;$c27 cm.
=336  \\$atext$btxt$2rdacontent
=337  \\$aunmediated$bn$2rdamedia
=338  \\$avolume$bnc$2rdacarrier
=490  1\$aStation paper ;$vno. 143
=504  \\$aIncludes bibliographical references (page 11).
=591  \\$bNAL Reclamation
=593  \\$fAgricola CAT
=650  \0$aSoil moisture$xMeasurement.$0http://id.loc.gov/authorities/subjects/sh85124362
=650  \0$aForest soils$zUnited States.
=650  \3$awater content.
=650  \3$aMoisture meters.
=651  \7$aUnited States.$2fast$0(OCoLC)fst01204155
=655  \3$aInternet resource.
=710  2\$aSoutheastern Forest Experiment Station (Asheville, N.C.)
=830  \0$aStation paper (Southeastern Forest Experiment Station (Asheville, N.C.)) ;$vno. 143.
=856  41$uhttps://archive.org/details/varianceofnuclea143doug
=912  \\$analcatalog
=930  \\$a20140702$b20140807$c00000000
=945  \\$dML$e2003/09/03$fRY$g2003/09/24$n1
=945  \\$p18
=945  \\$aDigiMet
=946  \\$aUSDA
=994  \\$a92$bAGL

