=LDR  01878cam a2200517Ia 4500
=001  9915485415607426
=005  20240620171903.0
=008  030924s1962\\\\ncua\\\\\b\\\f000\0\eng\\
=016  7\$aCAT11138570$2DNAL
=035  \\$a905323
=035  \\$a(OCoLC)52856587
=035  \\$a(DNAL)905323-naldb-Voyager
=040  \\$aAGL$beng$cAGL$dOCLCQ$dKLG$dLHL$dOCLCQ$dOCLCO$dOCLCA$dOCLCF$dAGM$dOCLCA$dAGL
=043  \\$an-us-ga
=049  \\$aAGLL
=050  \0$aSD144.A15$bS73 no. 148
=070  0\$a1.9622$bS4St2 no. 148
=072  \0$aF500
=072  \0$aK120
=086  0\$aA 13.63/9:148
=100  1\$aHughes, Ralph H.
=245  10$aFertilization of young slash pine in a cultivated plantation /$cby Ralph H. Hughes and James E. Jackson.
=260  \\$aAsheville, N.C. :$bU.S. Dept. of Agriculture, Forest Service, Southeastern Forest Experiment Station,$c[1962]
=300  \\$a14 pages :$billustrations ;$c27 cm.
=336  \\$atext$btxt$2rdacontent
=337  \\$aunmediated$bn$2rdamedia
=338  \\$avolume$bnc$2rdacarrier
=490  1\$aStation paper ;$vno. 148
=504  \\$aIncludes bibliographical references (page 14).
=591  \\$bNAL Reclamation
=593  \\$fAgricola CAT
=650  \0$aSlash pine$xFertilizers$zGeorgia.
=650  \0$aSlash pine$xSeedlings$xFertilizers$zGeorgia.
=650  \3$aPinus elliottii.
=650  \3$aForest plantations.
=651  \7$aGeorgia.$2fast$0(OCoLC)fst01204622
=655  \3$aInternet resource.
=700  1\$aJackson, James E.
=710  2\$aSoutheastern Forest Experiment Station (Asheville, N.C.)
=830  \0$aStation paper (Southeastern Forest Experiment Station (Asheville, N.C.)) ;$vno. 148.
=856  41$uhttps://archive.org/details/fertilizationofy148hugh
=912  \\$analcatalog
=930  \\$a20140702$b20140807$c00000000
=945  \\$dML$e2003/08/15$fRY$g2003/09/24$n1
=945  \\$p22
=945  \\$aDigiMet
=946  \\$aUSDA
=994  \\$a92$bAGL

