=LDR  02354cam a2200529 a 4500
=001  9915485417307426
=005  20240620171852.0
=008  030911s1959\\\\ncua\\\\\b\\\f000\0\eng\\
=016  7\$aCAT11138289$2DNAL
=035  \\$a905044
=035  \\$a(OCoLC)52961638
=035  \\$a(DNAL)905044-naldb-Voyager
=040  \\$aAGL$beng$cAGL$dOCLCQ$dKLG$dMTG$dOCLCF$dOCLCQ$dNOC$dAGM$dOCLCA$dOCLCQ$dAGL
=043  \\$an-usu--
=049  \\$aAGLL
=050  \0$aSD144.A15$bS73 no. 101
=070  0\$a1.9622$bS4St2 no. 101
=072  \0$aK810
=086  0\$aA 13.63/9:101
=100  1\$aStorey, Theodore G.$0http://id.loc.gov/authorities/names/n82052985
=245  10$aTesting the TBM aerial tanker in the Southeast /$cby Theodore G. Storey, George W. Wendel, and Anthony T. Altobellis.
=260  \\$aAsheville, N.C. :$bU.S. Dept. of Agriculture, Forest Service Southeastern Forest Experiment Station,$c[1959]
=300  \\$a25 pages :$billustrations ;$c27 cm
=336  \\$atext$btxt$2rdacontent
=337  \\$aunmediated$bn$2rdamedia
=338  \\$avolume$bnc$2rdacarrier
=490  1\$aStation paper ;$vno. 101
=504  \\$aIncludes bibliographical references (pages 23-25).
=591  \\$bNAL Reclamation
=593  \\$fAgricola CAT
=650  \0$aAirtankers (Forest fire control)$zSouthern States.
=650  \3$aSpraying equipment.
=651  \3$aSoutheastern United States.
=651  \7$aSouthern States.$2fast$0(OCoLC)fst01244550
=655  \3$aInternet resource.
=700  1\$aWendel, G. W.$0http://id.loc.gov/authorities/names/n82228428
=700  1\$aAltobellis, A. T.$0http://id.loc.gov/authorities/names/n83163391
=710  1\$aUnited States.$bDepartment of Agriculture.
=710  2\$aSoutheastern Forest Experiment Station (Asheville, N.C.)$0http://id.loc.gov/authorities/names/n79063970
=776  08$iOnline version:$aStorey, Theodore G.$tTesting the TBM aerial tanker in the Southeast.$dAsheville, N.C. : U.S. Dept. of Agriculture, Forest Service Southeastern Forest Experiment Station, [1959]$w(OCoLC)1017760606
=830  \0$aStation paper (Southeastern Forest Experiment Station (Asheville, N.C.)) ;$vno. 101.
=856  41$uhttps://archive.org/details/testingtbmaerial101stor
=912  \\$analcatalog
=930  \\$a20140702$b20140807$c00000000
=945  \\$dDF$e2003/09/03$fRY$g2003/09/11$n1
=945  \\$p32
=945  \\$aDigiMet
=946  \\$aUSDA
=994  \\$a92$bAGL

