=LDR  01787cam a2200481 a 4500
=001  9915485418107426
=005  20240620171857.0
=008  030917s1957\\\\ncua\\\\\b\\\f000\0\eng\\
=016  7\$aCAT11138466$2DNAL
=035  \\$a905220
=035  \\$a(OCoLC)53009515
=035  \\$a(DNAL)905220-naldb-Voyager
=040  \\$aAGL$beng$cAGL$dKLG$dLHL$dOCLCQ$dOCLCO$dOCLCA$dNOC$dAGM$dWURST$dOCLCQ$dAGL
=049  \\$aAGLL
=050  \0$aSD144.A15$bS73 no. 79
=070  0\$a1.9622$bS4St2 no. 79
=072  \0$aE200
=086  0\$aA 13.63/9:79
=100  1\$aWitherow, Boyd M.
=245  10$aCost of operation for three types of charcoal kilns /$cby Boyd M. Witherow and Walton R. Smith.
=260  \\$aAsheville, N.C. :$bU.S. Dept. of Agriculture, Forest Service, Southeastern Forest Experiment Station,$c[1957]
=300  \\$a16 pages :$billustrations ;$c27 cm
=336  \\$atext$btxt$2rdacontent
=337  \\$aunmediated$bn$2rdamedia
=338  \\$avolume$bnc$2rdacarrier
=490  1\$aStation paper ;$vno. 79
=504  \\$aIncludes bibliographical references.
=591  \\$bNAL Reclamation
=593  \\$fAgricola CAT
=650  \0$aCharcoal kilns$xCost of operation.
=650  \3$aKilns.
=650  \3$aCharcoal.
=650  \3$aForest products.
=655  \3$aInternet resource.
=700  1\$aSmith, Walton R.$q(Walton Ramsey),$d1910-1996.$0http://id.loc.gov/authorities/names/no2018019564
=710  2\$aSoutheastern Forest Experiment Station (Asheville, N.C.)
=830  \0$aStation paper (Southeastern Forest Experiment Station (Asheville, N.C.)) ;$vno. 79.
=856  41$uhttps://archive.org/details/costofoperationf79with
=912  \\$analcatalog
=930  \\$a20140702$b20140807$c00000000
=945  \\$dML$e2003/09/11$fRY$g2003/09/17$n1
=945  \\$p24
=945  \\$aDigiMet
=946  \\$aUSDA
=994  \\$a92$bAGL

