=LDR  01817cam a2200481 a 4500
=001  9915485419507426
=005  20240620171850.0
=008  030924s1962\\\\ncua\\\\\\\\\f000\0\eng\\
=016  7\$aCAT11138564$2DNAL
=035  \\$a905317
=035  \\$a(OCoLC)52850515
=035  \\$a(DNAL)905317-naldb-Voyager
=040  \\$aAGL$beng$cAGL$dOCLCQ$dKLG$dLHL$dEXW$dOCLCO$dOCLCF$dOCLCQ$dOCLCA$dAGM$dOCLCQ$dAGL
=043  \\$an-usu--
=049  \\$aAGLL
=050  \0$aSD144.A15$bS73 no. 156
=070  0\$a1.9622$bS4St2 no. 156
=072  \0$aK130
=086  0\$aA 13.63/9:156
=100  1\$aCampbell, Robert A.,$d1910-1993.$0http://id.loc.gov/authorities/names/no2010109423
=245  12$aA guide to grading features in southern pine logs and trees /$cby Robert A. Campbell.
=260  \\$aAsheville, N.C. :$bU.S. Dept. of Agriculture, Forest Service, Southeastern Forest Experiment Station,$c[1962]
=300  \\$a23 pages :$billustrations ;$c27 cm
=336  \\$atext$btxt$2rdacontent
=337  \\$aunmediated$bn$2rdamedia
=338  \\$avolume$bnc$2rdacarrier
=490  1\$aStation paper ;$vno. 156
=591  \\$bNAL Reclamation
=593  \\$fAgricola CAT
=650  \0$aTimber$xGrading$zSouthern States.
=650  \0$aSouthern pines$zSouthern States.
=650  \0$aTrees$xGrading$zSouthern States.
=650  \3$aTree classes.
=651  \7$aSouthern States.$2fast$0(OCoLC)fst01244550
=655  \3$aInternet resource.
=710  2\$aSoutheastern Forest Experiment Station (Asheville, N.C.)
=830  \0$aStation paper (Southeastern Forest Experiment Station (Asheville, N.C.)) ;$vno. 156.
=856  41$uhttps://archive.org/details/guidetogradingfe156camp
=912  \\$analcatalog
=930  \\$a20140702$b20140807$c00000000
=945  \\$dML$e2003/08/14$fRY$g2003/09/24$n1
=945  \\$p30
=945  \\$aDigiMet
=946  \\$aUSDA
=994  \\$a92$bAGL

