=LDR  02939cas a2200661Ia 4500
=001  9915511540507426
=005  20240624191535.0
=008  001010d192619uudcuer\p\\\\\\f0\\\a0eng\d
=016  7\$aCAT11084593$2DNAL
=035  \\$a848817
=035  \\$a(OCoLC)648998726
=035  \\$a(DNAL)848817-naldb-Voyager
=040  \\$aOLA$beng$cOLA$dOCLCA$dOCLCQ$dOCLCA$dOCLCF$dOCLCO$dOCL$dOCLCO$dOCLCA$dOCLCQ$dOCLCO$dAGL
=043  \\$an-us---
=049  \\$aRQIC
=050  \0$aQC877.5$b.C43
=070  0\$a1.9$bIn3Ch
=245  00$aChats by the weatherman /$cUnited States Dept. of Agriculture, Office of Information, Radio Service.
=246  1\$iVolumes for Oct. 13, 1926 - Apr. 18, 1928 have title:$aChats by the weather man
=246  1\$iVolumes for Sept. 20, 1929-<April 28, 1933>:$aChats with the weather man
=246  1\$iVolumes for Oct. 2, 1928 - <Apr. 9, 1929> have title:$aOutdoors with the scientist
=246  1\$iAlso known as:$aRadio Service chats with the weatherman
=260  \\$a[Washington, D.C.] :$bU.S. Dept. of Agriculture, Office of Information, Radio Service,$c1926-
=300  \\$avolumes ;$c28 cm
=310  \\$aBieekly,$bOct. 5, 1927-<Apr. 28, 1933>
=321  \\$aWeekly,$bOct. 6, 1926 - Mar. 30, 1927
=336  \\$atext$btxt$2rdacontent
=337  \\$aunmediated$bn$2rdamedia
=338  \\$avolume$bnc$2rdacarrier
=362  0\$aOct. 6, 1926-
=588  1\$aApr. 28, 1933.
=591  \\$bNAL Reclamation
=593  \\$fAgricola CAT
=650  \0$aMeteorology$zUnited States$vPeriodicals.
=650  \0$aMeteorologists$zUnited States$vPeriodicals.
=650  \0$aWeather broadcasting$zUnited States$vPeriodicals.
=650  \0$aWeather forecasting$zUnited States$vPeriodicals.
=650  \0$aMeteorology, Agricultural$zUnited States$vPeriodicals.
=650  \0$aCommunication in agriculture$zUnited States$vPeriodicals.
=650  \0$aWeather$vPeriodicals.
=650  \3$aweather.
=651  \7$aUnited States.$2fast$0(OCoLC)fst01204155
=655  \3$aInternet resource.
=655  \7$aEducational radio programs.$2fast$0(OCoLC)fst01710551
=655  \7$aInstructional radio programs.$2fast$0(OCoLC)fst01710552
=655  \7$aPeriodicals.$2fast$0(OCoLC)fst01411641
=655  \7$aRadio programs.$2fast$0(OCoLC)fst01726254
=655  \7$aEducational radio programs.$2lcgft$0http://id.loc.gov/authorities/genreForms/gf2011026220
=655  \7$aRadio programs.$2lcgft$0http://id.loc.gov/authorities/genreForms/gf2011026506
=655  \7$aInstructional radio programs.$2lcgft$0http://id.loc.gov/authorities/genreForms/gf2011026334
=710  1\$aUnited States.$bDepartment of Agriculture.$bRadio Service.$0http://id.loc.gov/authorities/names/no2001063588
=856  41$uhttps://archive.org/details/usda-usdaradioservice
=912  \\$analcatalog
=930  \\$a20140115$b20140207$c00000000
=945  \\$aDigiMet
=945  \\$p84
=945  \\$aDigiMet
=945  \\$p138
=945  \\$aDigiMet
=945  \\$p162
=945  \\$aDigiMet
=945  \\$p176
=945  \\$aDigiMet
=945  \\$p72
=945  \\$aDigiMet
=945  \\$p66
=945  \\$aDigiMet
=945  \\$p124
=945  \\$aDigiMet
=945  \\$p52
=946  \\$aUSDA
=959  \\$c2014-01-15$essouder$gurl
=959  \\$c2013-04-02$essouder$gap
=994  \\$a92$bAGL

