=LDR  00993cas a2200337M  4500
=001  9915511687707426
=005  20240624191545.0
=008  001010d19uu19uudcuuu\\\\\\\\f0\\\\0eng\d
=016  7\$aCAT11084979$2DNAL
=035  \\$a848854
=035  \\$a(OCoLC)1289149731
=035  \\$a(DNAL)848854-naldb-Voyager
=040  \\$aAGL$beng$cAGL
=049  \\$aRQIC
=070  0\$a1.9$bIn3Na
=110  1\$aUnited States.$bDepartment of Agriculture.$bRadio Service.
=245  10$aNational 4-H club radio broadcast ... Program.
=260  \\$a[Washington?]
=362  1\$aCeased.
=591  \\$bNAL Reclamation
=593  \\$fAgricola CAT
=650  \0$a4-H clubs$zUnited States.
=655  \3$aInternet resource.
=856  41$uhttps://archive.org/details/usda-usdaradioservice
=912  \\$analcatalog
=930  \\$a20140702$b20140807$c00000000
=939  \\$a20140205$b20140307$c00000000
=945  \\$aDigiMet
=945  \\$vpt. 1
=945  \\$p6
=945  \\$aDigiMet
=945  \\$vpt. 2
=945  \\$p24
=945  \\$aDigiMet
=945  \\$vpt. 3
=945  \\$p28
=945  \\$aDigiMet
=945  \\$vpt. 4
=945  \\$p28
=945  \\$aDigiMet
=945  \\$vpt. 5
=945  \\$p28
=945  \\$aDigiMet
=945  \\$vpt. 6
=945  \\$p28
=945  \\$aDigiMet
=945  \\$vpt. 7
=945  \\$p28
=945  \\$aDigiMet
=945  \\$vpt. 8
=945  \\$p28
=945  \\$aDigiMet
=945  \\$vpt. 9
=945  \\$p26
=945  \\$aDigiMet
=945  \\$vpt. 10
=945  \\$p8
=946  \\$aUSDA
=959  \\$c2013-04-02$essouder$gap
=959  \\$c2014-02-05$edfriedma$gsubjadd
=994  \\$a92$bAGL

