=LDR  01068cas a22003372  4500
=001  9915511698607426
=005  20240624191554.0
=008  001010d19uu19uuxxuuu\\\\\\\\f0\\\\1eng\d
=016  7\$aCAT11084820$2DNAL
=035  \\$91084-82060
=035  \\$a848843
=035  \\$a(DNAL)848843-naldb-Voyager
=040  \\$aAGL$dAGL
=049  \\$aRQIC
=070  0\$a1.9$bIn3Ife
=110  1\$aUnited States.$bDepartment of Agriculture.$bRadio Service.
=245  10$aIf the corn borer comes (eastern border area).
=310  \\$aWeekly
=362  1\$aCeased.
=588  \\$aDescription based on: Mar. 12, 1928; title from caption.
=588  \\$aLatest issue consulted: Mar. 12, 1928.
=593  \\$fAgricola CAT
=650  \0$aEuropean corn borer$xControl$zUnited States.
=655  \3$aInternet resource
=856  41$uhttps://archive.org/details/ifcornborercome1928unit_1
=912  \\$analcatalog
=930  \\$a20140812$b20140905$c00000000
=939  \\$a20140331$b20140404$c00000000
=945  \\$aDigiMet
=945  \\$p12
=946  \\$aUSDA
=959  \\$c2013-04-02$essouder$gap
=959  \\$c2014-03-31$ergallett$gaccadd

