=LDR  01117cas a22003492  4500
=001  9915511716707426
=005  20240624191614.0
=008  001010d19uu19uuxxuuu\\\\\\\\f0\\\\1eng\d
=016  7\$aCAT11084729$2DNAL
=035  \\$91084-72960
=035  \\$a848062
=035  \\$a(DNAL)848062-naldb-Voyager
=040  \\$aAGL$dAGL
=049  \\$aRQIC
=070  0\$a1.9$bIn3Faa
=110  1\$aUnited States.$bDepartment of Agriculture.$bRadio Service.
=245  10$aFarm adjustment news.
=362  1\$aCeased.
=500  \\$aNAL holdings: May 23, 1933-
=588  \\$aDescription based on: May 23, 1933; title from caption.
=588  \\$aLatest issue consulted: Feb. 6, 1935.
=593  \\$fAgricola CAT
=650  \0$aFarm management$zUnited States$vPeriodicals.
=650  \0$aRadio scripts$zUnited States$vPeriodicals.
=655  \3$aInternet resource
=856  41$uhttps://archive.org/details/usda-usdaradioservice
=912  \\$analcatalog
=930  \\$a20140207$b20140307$c00000000
=939  \\$a20131022$b20131101$c00000000
=945  \\$aDigiMet
=945  \\$vpt. 1
=945  \\$p16
=945  \\$aDigiMet
=945  \\$vpt. 2
=945  \\$p14
=945  \\$aDigiMet
=945  \\$vpt. 3
=945  \\$p8
=945  \\$aDigiMet
=945  \\$vpt. 4
=945  \\$p8
=945  \\$aDigiMet
=945  \\$vpt. 5
=945  \\$p90
=945  \\$aDigiMet
=945  \\$vpt. 6
=945  \\$p118
=945  \\$aDigiMet
=945  \\$vpt. 7
=945  \\$p68
=945  \\$aDigiMet
=945  \\$vpt. 8
=945  \\$p20
=946  \\$aUSDA
=959  \\$c2013-04-02$essouder$gap
=959  \\$c2013-10-22$ergallett$gaccadd

