=LDR  02808cam a2200685Ia 4500
=001  9915511779707426
=005  20240624191616.0
=008  971021s1957\\\\oruab\\\\b\\\f000\0\eng\\
=016  7\$aCAT10836009$2DNAL
=019  \\$a153680208
=035  \\$a802905
=035  \\$a(OCoLC)37793085$z(OCoLC)153680208
=035  \\$a(DNAL)802905-naldb-Voyager
=035  \\$z(OCoLC)153680208
=040  \\$aAGL$beng$cAGL$dOCLCQ$dOCLCG$dMTG$dOCLCF$dOCLCQ$dOCLCA$dAGM$dAGL
=043  \\$an-usp--$an-cn-bc
=049  \\$aAGLL
=070  0\$aA99.9$bF7625S no. 1 1957
=072  \0$aK100
=086  0\$aA 13.66/11:1
=100  1\$aWorthington, Norman P.,$d1903-$0http://id.loc.gov/authorities/names/no96003027
=245  10$aSilvical characteristics of red alder /$cby Norman P. Worthington.
=260  \\$aPortland, Or. :$bPacific Northwest Forest and Range Experiment Station, U.S. Dept. of Agriculture, Forest Service,$c[1957]
=300  \\$a15 pages :$billustrations, map ;$c27 cm.
=336  \\$atext$btxt$2rdacontent
=337  \\$aunmediated$bn$2rdamedia
=338  \\$avolume$bnc$2rdacarrier
=490  1\$aSilvical series / Pacific Northwest Forest and Range Experiment Station ;$vno. 1
=504  \\$aIncludes bibliographical references (pages 14-15).
=591  \\$bNAL Reclamation
=593  \\$fAgricola CAT
=610  14$aPacific Northwest Forest and Range Experiment Station (U.S.).
=650  \0$aRed alder$zNorthwest, Pacific.
=650  \3$aAlnus rubra.
=650  \3$asilviculture.
=650  \3$aThuja plicata.
=650  \3$aTsuga heterophylla.
=651  \3$aOregon.
=651  \3$aWashington (state)
=651  \3$aCalifornia.
=651  \3$aAlaska.
=651  \3$aBritish Columbia.
=651  \7$aPacific Northwest.$2fast$0(OCoLC)fst01242543
=655  \3$aInternet resource.
=710  2\$aPacific Northwest Forest and Range Experiment Station (Portland, Or.)$0http://id.loc.gov/authorities/names/n80126131
=776  08$iOnline version:$aWorthington, Norman P., 1903-$tSilvical characteristics of red alder.$dPortland, Or. : Pacific Northwest Forest and Range Experiment Station, U.S. Dept. of Agriculture, Forest Service, [1957]$w(OCoLC)624733592
=830  \0$aSilvical series (Pacific Northwest Forest and Range Experiment Station (Portland, Or.)) ;$vno. 1.
=856  41$uhttps://archive.org/details/silvicalcharacte01wort
=912  \\$analcatalog
=930  \\$a20140702$b20140807$c00000000
=939  \\$a20130508$b20130607$c00000000
=939  \\$a20130429$b20130503$c00000000
=939  \\$a19990702$b19990709$c00000000
=939  \\$a19971102$b19971106$c00000000
=939  \\$a19990611$b00000000$c00000000
=945  \\$dRLG$e97/10/16$fSES$g97/10/21$n1
=945  \\$p30
=945  \\$aDigiMet
=945  \\$aDigiMet
=946  \\$aUSDA
=958  \\$aresource$be$c2013-04-29$dn$embonet$hrecon
=994  \\$a92$bAGL

