=LDR  02613cam a2200601Ia 4500
=001  9915511799007426
=005  20240624191605.0
=008  971021s1958\\\\oruab\\\\b\\\f000\0\eng\\
=016  7\$aCAT10836019$2DNAL
=019  \\$a153680287
=035  \\$a802915
=035  \\$a(OCoLC)37810898$z(OCoLC)153680287
=035  \\$a(DNAL)802915-naldb-Voyager
=035  \\$z(OCoLC)153680287
=040  \\$aAGL$beng$cAGL$dOCLCQ$dMTG$dOCLCF$dOCLCQ$dOSO$dOCLCA$dAGM$dAGL
=043  \\$an-usp--$an-cn-bc
=049  \\$aAGLL
=070  0\$aaQK478.S58$bno.12
=070  0\$aA99.9$bF7625S no. 12 1958
=072  \0$aK100
=086  0\$aA 13.66/11:12
=100  1\$aSowder, James E.$0http://id.loc.gov/authorities/names/no2011095406
=245  10$aSilvical characteristics of western juniper /$cby James E. Sowder and Edwin L. Mowat.
=260  \\$aPortland, Or. :$bPacific Northwest Forest and Range Experiment Station, U.S. Dept. of Agriculture, Forest Service,$c[1958]
=300  \\$a9 pages :$billustrations, map ;$c27 cm.
=336  \\$atext$btxt$2rdacontent
=337  \\$aunmediated$bn$2rdamedia
=338  \\$avolume$bnc$2rdacarrier
=490  1\$aSilvical series / Pacific Northwest Forest and Range Experiment Station ;$vno. 12
=504  \\$aIncludes bibliographical references (pages 8-9).
=591  \\$bNAL Reclamation
=593  \\$fAgricola CAT
=650  \0$aJunipers$zNorthwest, Pacific.
=650  \3$aJuniperus occidentalis.
=651  \7$aPacific Northwest.$2fast$0(OCoLC)fst01242543
=655  \3$aInternet resource.
=700  1\$aMowat, Edwin L.$0http://id.loc.gov/authorities/names/no2011095408
=710  2\$aPacific Northwest Forest and Range Experiment Station (Portland, Or.)$0http://id.loc.gov/authorities/names/n80126131
=776  08$iOnline version:$aSowder, James E.$tSilvical characteristics of western juniper.$dPortland, Or. : Pacific Northwest Forest and Range Experiment Station, U.S. Dept. of Agriculture, Forest Service, [1958]$w(OCoLC)626211867
=830  \0$aSilvical series (Pacific Northwest Forest and Range Experiment Station (Portland, Or.)) ;$vno. 12.
=856  41$uhttps://archive.org/details/silvicalcharacte12sowd
=912  \\$analcatalog
=930  \\$a20140702$b20140807$c00000000
=939  \\$a20130508$b20130607$c00000000
=939  \\$a20080708$b20080801$c00000000
=939  \\$a19990702$b19990709$c00000000
=939  \\$a19971102$b19971106$c00000000
=939  \\$a19990611$b00000000$c00000000
=945  \\$dRLG$e97/10/20$fSES$g97/10/21$n1
=945  \\$p18
=945  \\$aDigiMet
=945  \\$aDigiMet
=946  \\$aUSDA
=958  \\$aresource$be$c2013-05-08$dn$embonet$hrecon
=994  \\$a92$bAGL

