=LDR  02372cam a2200613Ia 4500
=001  9915513279207426
=005  20240624192611.0
=007  he\bmb024bbca
=008  960826s1996\\\\mnuab\\\bbs\\f000\0\eng\d
=016  7\$aCAT10754205$2DNAL
=019  \\$a1225828211
=035  \\$a780178
=035  \\$a(OCoLC)34980481$z(OCoLC)1225828211
=035  \\$a(DNAL)780178-naldb-Voyager
=035  \\$z(OCoLC)1225828211
=040  \\$aGPO$beng$cGPO$dOCL$dOCLCQ$dAGL$dOCLCQ$dOCLCF$dOCLCQ$dOCLCO$dOCLCQ$dAKP
=043  \\$an-us-mi
=049  \\$aAGLL
=050  \0$aSD143$b.U4672 no.170
=070  0\$aFiche$bS-133 (A 13.80:NC-170 )
=072  \0$aK250
=074  \\$a0083-B-05 (MF)
=086  0\$aA 13.80:NC-170
=100  1\$aLeatherberry, Earl C.
=245  10$aMichigan forest statistics, 1993 /$cEarl C. Leatherberry and John S. Spencer, Jr.
=260  \\$aSt. Paul, Minn. (1992 Folwell Ave., St. Paul 55108) :$bU.S. Dept. of Agriculture, Forest Service, North Central Forest Experiment Station,$c1996.
=300  \\$a144 pages :$billustrations, map ;$c28 cm.
=336  \\$atext$btxt$2rdacontent
=337  \\$amicroform$bh$2rdamedia
=338  \\$amicrofiche$bhe$2rdacarrier
=490  1\$aResource bulletin NC ;$v170
=504  \\$aIncludes bibliographical references (pages 26-28).
=530  \\$aAlso available on the Internet.
=533  \\$aMicrofiche.$b[Washington, D.C.?] :$cSupt. of Docs., U.S. G.P.O.,$d[1996].$e3 microfiches : negative.
=591  \\$bNAL Reclamation
=593  \\$fAgricola CAT
=650  \0$aForest surveys$zMichigan.
=650  \0$aForests and forestry$zMichigan$vStatistics.
=650  \0$aTimber$zMichigan$vStatistics.
=651  \7$aMichigan.$2fast$0(OCoLC)fst01208387
=655  \7$aStatistics.$2fast$0(OCoLC)fst01423727
=700  1\$aSpencer, John S.
=710  2\$aNorth Central Forest Experiment Station (Saint Paul, Minn.)$0http://id.loc.gov/authorities/names/n80044737
=830  \0$aResource bulletin NC ;$v170.
=856  41$uhttp://www.nrs.fs.fed.us/pubs/rb/rb%5Fnc170.pdf
=856  41$uhttps://archive.org/details/michiganforestst170leat
=912  \\$analcatalog
=930  \\$a20140702$b20140807$c00000000
=939  \\$a20130604$b20130705$c00000000
=939  \\$a20040803$b20040901$c00000000
=939  \\$a19970203$b19970210$c00000000
=945  \\$aDigiMet
=945  \\$p156
=946  \\$aOther US
=959  \\$c2013-06-04$essouder$gurlc
=994  \\$a92$bAGL

