=LDR  01304cam a2200373Ia 4500
=001  9915515670507426
=005  20240620101139.0
=008  030625s191u\\\\paua\\\\\\\\\\000\0\eng\d
=016  7\$aCAT10544555$2DNAL
=035  \\$a902139
=035  \\$a(OCoLC)22872568
=035  \\$a(DNAL)902139-naldb-Voyager
=040  \\$aOKS$beng$cOKS$dAGL$dOCLCQ$dOCLCG$dOCLCQ$dOCLCF$dOCLCQ$dOCLCO
=049  \\$aAGLL
=070  0\$aSF487$b.S642 1910
=072  \0$aL100
=100  1\$aSmith, G. R.$q(Geoffrey R.)$0http://id.loc.gov/authorities/names/n87840556
=245  10$aTwentieth century poultry culture /$cG.R. Smith ; ill ; with Megargee drawings.
=260  \\$aSellersville, Pa. :$bItem Pub. Co.,$c[191-?]
=300  \\$a1 volume (unpaged) :$billustrations ;$c26 cm
=336  \\$atext$btxt$2rdacontent
=337  \\$aunmediated$bn$2rdamedia
=338  \\$avolume$bnc$2rdacarrier
=591  \\$bNAL Reclamation
=593  \\$fAgricola CAT
=650  \0$aPoultry.$0http://id.loc.gov/authorities/subjects/sh85105892
=655  \3$aInternet resource.
=856  41$uhttps://archive.org/details/twentiethcentury00smit_0
=912  \\$analcatalog
=930  \\$a20140702$b20140807$c00000000
=939  \\$a20030627$b20030708$c00000000
=945  \\$dARS$e2003/06/24$fCMM$g2003/06/25
=945  \\$p120
=945  \\$aDigiMet
=946  \\$aOther US
=994  \\$a92$bAGL

