=LDR  01878cam a2200469Ia 4500
=001  9915516041407426
=005  20240620102648.0
=008  890419s1944\\\\dcuae\\\\b\\\f000\0\eng\d
=016  7\$aCAT10307573$2DNAL
=035  \\$a347762
=035  \\$a(OCoLC)15670017
=035  \\$a(DNAL)347762-naldb-Voyager
=040  \\$aRQF$beng$cRQF$dAGL$dOCLCQ$dOCLCF$dOCLCO$dCOF$dOCLCA
=049  \\$aAGLY
=050  \0$aS21$b.A46 no. 544
=070  0\$a1$bAg84M no.544
=072  \0$aQ300
=086  0\$aA 1.38:544
=245  00$aCommunity canning centers /$c[by the Office of Distribution, War Food Administration].
=260  \\$aWashington, D.C. :$bThe Office,$c1944.
=300  \\$a99 pages :$billustrations, plans ;$c27 cm.
=336  \\$atext$btxt$2rdacontent
=337  \\$aunmediated$bn$2rdamedia
=338  \\$avolume$bnc$2rdacarrier
=490  1\$aMiscellaneous publication / United States Department of Agriculture ;$vno. 544
=504  \\$aIncludes bibliographical references (page 94).
=591  \\$bNAL Reclamation
=593  \\$fAgricola CAT
=650  \0$aCanning and preserving.$0http://id.loc.gov/authorities/subjects/sh85019620
=650  \0$aCommunity centers.$0http://id.loc.gov/authorities/subjects/sh85029205
=655  \3$aInternet resource.
=710  1\$aUnited States.$bWar Food Administration.$bOffice of Distribution.$0http://id.loc.gov/authorities/names/n82023923
=776  08$iOnline version:$tCommunity canning centers.$dWashington, D.C. : The Office, 1944$w(OCoLC)989724528
=830  \0$aMiscellaneous publication (United States. Department of Agriculture) ;$vno. 544.
=841  \\$ax   $b8709220u    0   4   uu   1870922$ez
=852  \\$aDNAL$i1 Ag84M no.544
=856  41$uhttps://archive.org/details/communitycanning544unit
=912  \\$analcatalog
=930  \\$a20140305$b20140404$c00000000
=945  \\$aUIU
=945  \\$p108
=945  \\$aDigiMet
=946  \\$aUSDA
=994  \\$a92$bAGL

