=LDR  02748cam a2200673Ia 4500
=001  9915516124907426
=005  20240620102652.0
=006  m\\\\\o\\d\f\\\\\\
=007  cr\mn|||||||||
=008  020926s1997\\\\gaua\\\\o\\\\f000\0\eng\\
=016  7\$aCAT11123869$2DNAL
=019  \\$a1045595211
=035  \\$a890724
=035  \\$a(OCoLC)50658178$z(OCoLC)1045595211
=035  \\$a(DNAL)890724-naldb-Voyager
=035  \\$z(OCoLC)1045595211
=040  \\$aAGL$beng$cAGL$dOCLCQ$dAGL$dOCLCG$dGPO$dFZU$dOCLCQ$dOCLCO$dOCLCQ$dOCLCF$dINARC$dOCLCQ
=043  \\$an-us---
=049  \\$aAGLL
=050  \0$aSD11$b.U5936 1989
=070  0\$aaSD11.U5936$bno. 14
=072  \0$aF110
=072  \0$aF830
=074  \\$a0079-M (online)
=086  0\$aA 13.110/9:R 8-FR 14/997
=100  1\$aBailey, Kenneth R.
=245  10$aGrowing and maintaining healthy dogwoods /$cprepared by Kenneth R. Bailey, Edward A. Brown II.
=250  \\$aPDF rev. June 1997.
=256  \\$aElectronic data.
=260  \\$aAtlanta, GA :$bU.S. Dept. of Agriculture, Forest Service, Southern Region,$c[1997]
=300  \\$a11 unnumbered pages :$bdigital, PDF file.
=336  \\$atext$btxt$2rdacontent
=337  \\$acomputer$bc$2rdamedia
=338  \\$aonline resource$bcr$2rdacarrier
=490  1\$aForestry report R8-FR ;$v14
=538  \\$aSystem requirements: WWW browser and PDF reader.
=538  \\$aMode of access: Internet from the Forest Service Southern Region web site. Address as of 6/11/08: http://www.fs.fed.us/r8/foresthealth/pubs/dogwood/r8-fr14/r8-fr14.pdf; current access available via PURL.
=516  \\$aText (electronic publication).
=591  \\$bNAL Reclamation
=593  \\$fAgricola CAT
=650  \0$aFlowering dogwood$xPropagation$zUnited States.
=650  \0$aFlowering dogwood$xDiseases and pests$xControl$zUnited States.
=650  \0$aDogwoods$xPropagation$zUnited States.
=650  \0$aDogwoods$xDiseases and pests$xControl$zUnited States.
=651  \7$aUnited States.$2fast$0(OCoLC)fst01204155
=655  \3$aInternet resource.
=700  1\$aBrown, Edward Angus,$d1948-$0http://id.loc.gov/authorities/names/n87826594
=710  1\$aUnited States.$bForest Service.$bSouthern Region.$0http://id.loc.gov/authorities/names/n81015539
=830  \0$aForestry report R8-FR ;$v14.
=856  40$uhttp://www.fs.usda.gov/Internet/FSE_DOCUMENTS/stelprdb5447378.pdf
=856  41$uhttps://archive.org/details/growingmaintaini14bail
=912  \\$analcatalog
=930  \\$a20140812$b20140905$c00000000
=938  \\$aInternet Archive$bINAR$ngrowingmaintaini14bail
=939  \\$a20050104$b20050130$c00000000
=939  \\$a20021002$b20021010$c00000000
=945  \\$dML$e2002/09/24$fCMM$g2002/09/26$n1
=945  \\$p20
=945  \\$aDigiMet
=946  \\$aUSDA
=994  \\$a92$bAGL

