=LDR  02852cam a2200577Ia 4500
=001  9915516143007426
=005  20240624195020.0
=008  890419s1958\\\\dcuab\\\\b\\\f000\0\eng\c
=010  \\$aagr58000107 
=016  7\$aCAT10307655$2DNAL
=019  \\$a1049544044
=035  \\$a347636
=035  \\$a(OCoLC)12251727$z(OCoLC)1049544044
=035  \\$a(DNAL)347636-naldb-Voyager
=035  \\$z(OCoLC)1049544044
=040  \\$aU.S. Dept. of Agr. Libr.$beng$cCLU$dCLU$dAGL$dIUL$dOCLCQ$dOCLCG$dPHA$dOCLCA$dOCLCF$dOCLCQ$dOCLCA$dLHL
=043  \\$an-usu--
=049  \\$aAGLY
=050  00$aS21$b.A46 no.760
=070  0\$a1$bAg84M no.760
=072  \0$aE550
=086  0\$aA 1.38:760
=100  1\$aMehl, Paul,$d1889-$0http://id.loc.gov/authorities/names/nr91015130
=245  10$aIndustrial employment and other factors in selecting an area for rural development :$bsurvey of 8 Southeastern States /$c[by Paul Mehl].
=260  \\$aWashington, D.C. :$bU.S. Dept. of Agriculture, Agricultural Marketing Service, Marketing Research Division,$c1958.
=300  \\$a38 pages :$billustrations, maps ;$c26 cm.
=336  \\$atext$btxt$2rdacontent
=337  \\$aunmediated$bn$2rdamedia
=338  \\$avolume$bnc$2rdacarrier
=490  1\$aMiscellaneous publication / United States Department of Agriculture ;$vno. 760
=504  \\$aIncludes bibliographical references (page 38).
=505  0\$aDistribution of manufacturing plants within a State -- Concentration of Manufacturing establishments in metropolitan areas. pp. 8.
=520  3\$aThis report presents (1) a general survey of industrial employment in 8 southeastern States; for use in the Rural Development Program designed to provide more employment for underemployed farmers; and (2) a more intensive study of conditions in Georgia, as an example of the selection of a specific area for rural development work.
=591  \\$bNAL Reclamation
=593  \\$fAgricola CAT
=650  \0$aRural development$zSouthern States.
=650  \0$aLabor supply$zSouthern States.
=651  \7$aSouthern States.$2fast$0(OCoLC)fst01244550
=655  \3$aInternet resource.
=776  08$iOnline version:$aMehl, Paul, 1889-$tIndustrial employment and other factors in selecting an area for rural development.$dWashington, D.C. : U.S. Dept. of Agriculture, Agricultural Marketing Service, Marketing Research Division, 1958$w(OCoLC)953978247
=830  \0$aMiscellaneous publication (United States. Department of Agriculture) ;$vno. 760.
=841  \\$ax   $b8709220u    0   4   uu   1870922$ez
=852  \\$aDNAL$i1 Ag84M no.760
=856  41$uhttps://archive.org/details/industrialemploy760mehl
=912  \\$analcatalog
=930  \\$a20140305$b20140404$c00000000
=939  \\$a20130417$b20130503$c00000000
=945  \\$aUIU
=945  \\$p46
=945  \\$aDigiMet
=946  \\$aUSDA
=959  \\$c2013-04-17$essouder$gde
=994  \\$a92$bAGL

