=LDR  02757cam a2200577Ia 4500
=001  9915516145007426
=005  20240620102716.0
=008  890419s1947\\\\dcua\\\\\b\\\f000\0\eng\d
=016  7\$aCAT10310379$2DNAL
=019  \\$a801471611
=035  \\$a347872
=035  \\$a(OCoLC)15701470$z(OCoLC)801471611
=035  \\$a(DNAL)347872-naldb-Voyager
=035  \\$z(OCoLC)801471611
=040  \\$aRQF$beng$cRQF$dAGL$dVIC$dOCLCQ$dOCLCG$dOCLCQ$dLHL$dOCLCO$dOCLCF$dOCLCO$dNOC$dOCLCA$dSFR
=043  \\$an-us---
=049  \\$aAGLY
=050  \0$aTX557$b.K26
=070  0\$a1$bAg84M no.632
=072  \0$aQ500
=072  \0$aT120
=086  0\$aA 1.38:632
=100  1\$aOrent-Keiles, Elsa,$d1904-$0http://id.loc.gov/authorities/names/n88617424
=245  10$aVitamin and mineral values of vegetables as served in an Army mess /$c[by Elsa Orent-Keiles, Elizabeth M. Hewston, and Lillian I. Butler].
=260  \\$aWashington, D.C. :$bU.S. Dept. of Agriculture,$c1947.
=300  \\$a18 pages :$billustrations ;$c25 cm.
=336  \\$atext$btxt$2rdacontent
=337  \\$aunmediated$bn$2rdamedia
=338  \\$avolume$bnc$2rdacarrier
=490  1\$aMiscellaneous publication / United States Department of Agriculture ;$vno. 632
=504  \\$aIncludes bibliographical references (pages 17-18).
=505  0\$aExperimental procedure. pp. 2 -- Methods of analysis. pp. 5 -- Discussion of results. pp. 7 -- Conclusions. pp. 11 -- Literature cited. pp. 17.
=520  3\$aThis investigation was undertaken to determine the vitamin and mineral values in several commonly used vegetables served in the typical Army mess, and to determine also, insofar as possible, the changes occurring in the content of these nutrients during preparation.
=591  \\$bNAL Reclamation
=593  \\$fAgricola CAT
=650  \0$aVegetables$xAnalysis.
=650  \0$aArmies$xCommissariat.$0http://id.loc.gov/authorities/subjects/sh85007310
=655  \3$aInternet resource.
=700  1\$aHewston, Elizabeth M.$q(Elizabeth Margaretta)$0http://id.loc.gov/authorities/names/n88617418
=700  1\$aButler, Lillian I.$q(Lillian Ida),$d1910-
=710  1\$aUnited States.$bDepartment of Agriculture.
=776  08$iOnline version:$aOrent-Keiles, Elsa, 1904-$tVitamin and mineral values of vegetables as served in an Army mess.$dWashington, D.C. : U.S. Dept. of Agriculture, 1947$w(OCoLC)834502405
=830  \0$aMiscellaneous publication (United States. Department of Agriculture) ;$vno. 632.
=841  \\$ax   $b8709220u    0   4   uu   1870922$ez
=852  \\$aDNAL$i1 Ag84M no.632
=856  41$uhttps://archive.org/details/vitaminmineralva632oren
=912  \\$analcatalog
=930  \\$a20140305$b20140404$c00000000
=945  \\$aUIU
=945  \\$p26
=945  \\$aDigiMet
=946  \\$aUSDA
=994  \\$a92$bAGL

