=LDR  02208cam a2200517Ia 4500
=001  9915516158207426
=005  20240624195018.0
=008  890419s1948\\\\dcua\\\\\b\\\f000\0\eng\d
=016  7\$aCAT10307944$2DNAL
=035  \\$a347038
=035  \\$a(OCoLC)14470867
=035  \\$a(DNAL)347038-naldb-Voyager
=040  \\$aTTS$beng$cTTS$dAGL$dOCL$dIUL$dOCLCQ$dOCLCF$dOCLCO$dOCLCA$dOKS$dOCLCQ
=049  \\$aAGLY
=050  \0$aSF99.P57$bA4
=070  0\$a1$bAg84M no.676
=072  \0$aL500
=072  \0$aR100
=086  0\$aA 1.38:676
=100  1\$aAllender, Chester Royal,$d1912-
=245  10$aPotatoes for livestock feeding /$ccompiled by Chester R. Allender.
=260  \\$aWashington, D.C. :$bU.S. Dept. of Agriculture, Production and Marketing Administration,$c1948.
=300  \\$a45 pages :$billustrations ;$c23 cm.
=336  \\$atext$btxt$2rdacontent
=337  \\$aunmediated$bn$2rdamedia
=338  \\$avolume$bnc$2rdacarrier
=490  1\$aMiscellaneous publication / United States Department of Agriculture ;$vno. 676
=504  \\$aIncludes bibliographical references (pages 43-45).
=591  \\$bNAL Reclamation
=593  \\$fAgricola CAT
=650  \0$aAnimal nutrition.$0http://id.loc.gov/authorities/subjects/sh85005216
=650  \0$aFeeds.$0http://id.loc.gov/authorities/subjects/sh85047658
=650  \0$aPotatoes as feed.$0http://id.loc.gov/authorities/subjects/sh85105666
=655  \3$aInternet resource.
=710  1\$aUnited States.$bDepartment of Agriculture.$bProduction and Marketing Administration.$0http://id.loc.gov/authorities/names/n84069564
=776  08$iOnline version:$aAllender, Chester Royal, 1912-$tPotatoes for livestock feeding.$dWashington, D.C. : U.S. Dept. of Agriculture, Production and Marketing Administration, 1948$w(OCoLC)836690490
=830  \0$aMiscellaneous publication (United States. Department of Agriculture) ;$vno. 676.
=841  \\$ax$b8709220u    0   4   uu   1870922$ez
=852  \\$aDNAL$i1 Ag84M no.676
=856  41$uhttps://archive.org/details/potatoesforlives676alle
=912  \\$analcatalog
=930  \\$a20140305$b20140404$c00000000
=945  \\$aUIU
=945  \\$p52
=945  \\$aDigiMet
=946  \\$aUSDA
=959  \\$c2013-04-02$essouder$gap
=994  \\$a92$bAGL

