=LDR  02395cam a2200529Ia 4500
=001  9915516191607426
=005  20240624195024.0
=008  890419s1945\\\\dcua\\\\\\\\\f000\0\eng\d
=016  7\$aCAT10308079$2DNAL
=019  \\$a801389217
=035  \\$a347511
=035  \\$a(OCoLC)15681543$z(OCoLC)801389217
=035  \\$a(DNAL)347511-naldb-Voyager
=035  \\$z(OCoLC)801389217
=040  \\$aRQF$beng$cRQF$dAGL$dIUL$dOCLCQ$dLHL$dOCLCQ$dOCLCF$dOCLCO$dNOC$dOCLCA$dSFR$dOCLCQ
=043  \\$an-usu--
=049  \\$aAGLY
=050  \0$aS21$b.A46 no.578
=070  0\$a1$bAg84M no.578
=072  \0$aF200
=086  0\$aA 1.38:578
=245  00$aBreeding better vegetables for the South at the U.S. Regional Vegetable Breeding Laboratory.
=260  \\$aWashington, D.C. :$bU.S. Dept. of Agriculture,$c1945.
=300  \\$a34 pages :$billustrations ;$c23 cm.
=336  \\$atext$btxt$2rdacontent
=337  \\$aunmediated$bn$2rdamedia
=338  \\$avolume$bnc$2rdacarrier
=490  1\$aMiscellaneous publication / United States Department of Agriculture ;$vno. 578
=505  0\$aThe Vegetable Breeding Laboratory. pp. 1 -- Vegetables for the North and South. pp. 2 -- Problems both regional and local. pp. 3 -- The physical plant and the scientific staff -- The crops being studied. pp. 4 -- Other activities of the laboratory. pp. 30 -- Much further imprvoment possible. pp. 31 -- Publications of the U.S. Regional Vegetable Breeding Laboratory. pp. 33.
=591  \\$bNAL Reclamation
=593  \\$fAgricola CAT
=650  \0$aVegetables$xBreeding$zSouthern States.
=650  \0$aAgricultural laboratories$zSouthern States.
=651  \7$aSouthern States.$2fast$0(OCoLC)fst01244550
=655  \3$aInternet resource.
=710  1\$aUnited States.$bDepartment of Agriculture.
=776  08$iOnline version:$tBreeding better vegetables for the South at the U.S. Regional Vegetable Breeding Laboratory.$dWashington, D.C. : U.S. Dept. of Agriculture, 1945$w(OCoLC)834502271
=830  \0$aMiscellaneous publication (United States. Department of Agriculture) ;$vno. 578.
=841  \\$ax$b8709220u    0   4   uu   1870922$ez
=852  \\$aDNAL$i1 Ag84M no.578
=856  41$uhttps://archive.org/details/breedingbetterve578unit
=912  \\$analcatalog
=930  \\$a20140305$b20140404$c00000000
=945  \\$aUIU
=945  \\$p42
=945  \\$aDigiMet
=946  \\$aUSDA
=959  \\$c2013-04-02$essouder$gap
=994  \\$a92$bAGL

