=LDR  02047cam a2200505Ia 4500
=001  9915516232907426
=005  20240624195021.0
=008  890419s1939\\\\dcu\\\\\\\\\\f000\0\eng\d
=016  7\$aCAT10310644$2DNAL
=035  \\$a347890
=035  \\$a(OCoLC)15636561
=035  \\$a(DNAL)347890-naldb-Voyager
=040  \\$aRQF$beng$cRQF$dAGL$dVIC$dOCLCQ$dOCLCF$dOCLCO$dOCLCA
=043  \\$an-us---
=049  \\$aAGLY
=050  \0$aS21$b.A46 no.348
=070  0\$a1$bAg84M no.348
=072  \0$aC210
=072  \0$aD500
=086  0\$aA 1.38:348
=245  00$aFederal legislation, rulings, and regulations affecting the state agricultural experiment stations /$ccompiled in the Office of Experiment Stations.
=260  \\$aWashington, D.C. :$bU.S. Dept. of Agriculture,$c1939.
=300  \\$a38 pages ;$c23 cm.
=336  \\$atext$btxt$2rdacontent
=337  \\$aunmediated$bn$2rdamedia
=338  \\$avolume$bnc$2rdacarrier
=490  1\$aMiscellaneous publication / United States Department of Agriculture ;$vno. 348
=591  \\$bNAL Reclamation
=593  \\$fAgricola CAT
=650  \0$aAgricultural experiment stations$xLaw and legislation$zUnited States.
=651  \7$aUnited States.$2fast$0(OCoLC)fst01204155
=655  \3$aInternet resource.
=710  1\$aUnited States.$bOffice of Experiment Stations.$0http://id.loc.gov/authorities/names/n82110275
=710  1\$aUnited States.$bDepartment of Agriculture.
=776  08$iOnline version:$tFederal legislation, rulings, and regulations affecting the state agricultural experiment stations.$dWashington, D.C. : U.S. Dept. of Agriculture, 1939$w(OCoLC)834502112
=830  \0$aMiscellaneous publication (United States. Department of Agriculture) ;$vno. 348.
=841  \\$ax   $b8709220u    0   4   uu   1870922$ez
=852  \\$aDNAL$i1 Ag84M no.348
=856  41$uhttps://archive.org/details/federallegislati348unit
=912  \\$analcatalog
=930  \\$a20131022$b20131101$c00000000
=945  \\$aUIU
=945  \\$p44
=945  \\$aDigiMet
=946  \\$aUSDA
=959  \\$c2013-10-22$essouder$gurl
=994  \\$a92$bAGL

