=LDR  02353cam a2200613Ia 4500
=001  9915516316707426
=005  20240624195026.0
=008  890419s1945\\\\dcu\\\\\\\\\\f000\0\eng\d
=016  7\$aCAT10308197$2DNAL
=019  \\$a801109922
=035  \\$a347521
=035  \\$a(OCoLC)15681483$z(OCoLC)801109922
=035  \\$a(DNAL)347521-naldb-Voyager
=035  \\$z(OCoLC)801109922
=040  \\$aRQF$beng$cRQF$dAGL$dIUL$dOCLCQ$dFUG$dOCLCQ$dOCLCA$dOCLCQ$dLHL$dOCLCO$dOCLCA$dOCLCF$dOCLCO$dOCLCA$dSFR$dOKS$dSNN$dOCLCQ
=043  \\$an-us---
=049  \\$aAGLY
=050  \0$aS21$b.A46 no.570
=070  0\$a1$bAg84M no.570
=072  \0$aE100
=072  \0$aE200
=086  0\$aA 1.38:570
=245  00$aWhat peace can mean to American farmers :$bmaintenance of full employment.
=260  \\$aWashington, D.C. :$bU.S. Dept. of Agriculture,$c1945.
=300  \\$a28 pages ;$c23 cm.
=336  \\$atext$btxt$2rdacontent
=337  \\$aunmediated$bn$2rdamedia
=338  \\$avolume$bnc$2rdacarrier
=490  1\$aMiscellaneous publication / United States Department of Agriculture ;$vno. 570
=505  0\$aIntroduction. pp. 1.
=505  0\$aThe problem. pp. 4.
=505  0\$aHelping private enterprise maintain full employment. pp. 6.
=505  0\$aAppropriate types of public expenditures. pp. 19.
=505  0\$aManagement of the federal debt. pp. 22.
=505  0\$aSummary. pp. 26.
=520  \\$aPp. 26.
=591  \\$bNAL Reclamation
=593  \\$fAgricola CAT
=650  \0$aAgricultural laborers$zUnited States.$0http://id.loc.gov/authorities/subjects/sh85002346
=650  \0$aAgriculture$xEconomic aspects$zUnited States.
=651  \7$aUnited States.$2fast$0(OCoLC)fst01204155
=655  \3$aInternet resource.
=710  1\$aUnited States.$bDepartment of Agriculture.
=776  08$iOnline version:$tWhat peace can mean to American farmers.$dWashington, D.C. : U.S. Dept. of Agriculture, 1945$w(OCoLC)755269059
=830  \0$aMiscellaneous publication (United States. Department of Agriculture) ;$vno. 570.
=841  \\$ax$b8709220u    0   4   uu   1870922$ez
=852  \\$aDNAL$i1 Ag84M no.570
=856  41$uhttps://archive.org/details/whatpeacecanmean570unit
=912  \\$analcatalog
=930  \\$a20140305$b20140404$c00000000
=945  \\$aUIU
=945  \\$p36
=945  \\$aDigiMet
=946  \\$aUSDA
=959  \\$c2013-04-02$essouder$gap
=994  \\$a92$bAGL

