=LDR  02452cam a2200637 a 4500
=001  9915516787907426
=005  20240624195203.0
=008  011109s2001\\\\dcua\\\\\b\\\f000\0\eng\\
=010  \\$a  2001337850
=016  7\$aCAT11109657$2DNAL
=019  \\$a47124060
=035  \\$a877821
=035  \\$a(OCoLC)49942966$z(OCoLC)47124060
=035  \\$a(DNAL)877821-naldb-Voyager
=035  \\$z(OCoLC)47124060
=040  \\$aDLC$beng$cDLC$dOCLCQ$dBTCTA$dRRL$dWOO$dAGL$dOCLCQ$dOCLCO$dOCLCF$dOCLCO$dOCLCA
=043  \\$an-us---
=049  \\$aAGLL
=050  00$aTX1$b.U5 no. 54$aTX551
=070  0\$aA321.9$bAg8 no. 54
=072  \0$aE100
=072  \0$aQ500
=086  0\$aA 1.87:54
=100  1\$aGerrior, S.
=245  10$aNutrient content of the U.S. food supply, 1909-1997 /$cS. Gerrior, L. Bente.
=260  \\$a[Washington, D.C.] :$bU.S. Dept. of Agriculture, Center for Nutrition Policy,$c[2001]
=300  \\$avi, 131, [23] pages :$billustrations ;$c28 cm.
=336  \\$atext$btxt$2rdacontent
=337  \\$aunmediated$bn$2rdamedia
=338  \\$avolume$bnc$2rdacarrier
=490  1\$aHome economics research report ;$vno. 54
=504  \\$aIncludes bibliographical references (pages 54-57).
=530  \\$aLibrary also holds microfiche. Washington, DC : Supt. of Doc., U.S. G.P.O., 2001. 3 microfiche : negative. (NAL call no.: Fiche S-133 (A 1. 87:54)
=591  \\$bNAL Reclamation
=593  \\$fAgricola CAT
=650  \0$aFood$xComposition$vTables.
=650  \0$aFood$xAnalysis.$0http://id.loc.gov/authorities/subjects/sh85050185
=650  \0$aNutrition$vTables.
=650  \0$aFood supply$zUnited States.
=651  \7$aUnited States.$2fast$0(OCoLC)fst01204155
=655  \3$aInternet resource.
=655  \7$aTables.$2fast$0(OCoLC)fst01423914
=700  1\$aBente, L.
=710  2\$aCenter for Nutrition Policy and Promotion (U.S.)$0http://id.loc.gov/authorities/names/no95057451
=830  \0$aHome economics research report (United States. Department of Agriculture) ;$vno. 54.
=856  41$uhttps://archive.org/details/nutrientcontento54gerr
=912  \\$analcatalog
=930  \\$a20140411$b20140502$c00000000
=938  \\$aBaker and Taylor$bBTCP$n2001337850
=939  \\$a20140126$b20140207$c00000000
=939  \\$a20040811$b20040901$c00000000
=939  \\$a20011202$b20011206$c00000000
=945  \\$dJR$e2001/11/09$fJR$g2001/11/09$n1
=945  \\$p172
=945  \\$aDigiMet
=946  \\$aUSDA
=959  \\$c2014-01-26$edcollins$gap
=994  \\$a92$bAGL

