=LDR  02276cam a2200601Ia 4500
=001  9915518460007426
=005  20240620110325.0
=008  951108s1995\\\\utuab\\\\b\\\f000\0\eng\\
=016  7\$aCAT10712831$2DNAL
=035  \\$a769399
=035  \\$a(OCoLC)33445772
=035  \\$a(DNAL)769399-naldb-Voyager
=040  \\$aAGL$beng$cAGL$dOCLCQ$dMTG$dOCLCO$dOCLCF$dOCLCQ$dCOD$dOCLCA$dAGM$dOCLCA$dAGL
=043  \\$an-us-ut
=049  \\$aAGLL
=050  \0$aHD9757.U8$bK44 1995
=070  0\$aA99.9$bF764Ub no.83
=072  \0$aK510
=072  \0$aE700
=086  0\$aA 13.80:INT-RB-83
=100  1\$aKeegan, Charles E.,$cIII$0http://id.loc.gov/authorities/names/n81077734
=245  10$aUtah's forest products industry :$ba descriptive analysis, 1992 /$cCharles E. Keegan III, Daniel P. Wichman, Dwane D. Van Hooser.
=260  \\$aOgden, UT :$bIntermountain Research Station,$c[1995]
=300  \\$a21 pages :$billustrations, maps ;$c27 cm.
=336  \\$atext$btxt$2rdacontent
=337  \\$aunmediated$bn$2rdamedia
=338  \\$avolume$bnc$2rdacarrier
=490  1\$aResource bulletin INT-RB ;$v83
=504  \\$aIncludes bibliographical references (page 21).
=591  \\$bNAL Reclamation
=593  \\$fAgricola CAT
=650  \0$aForest products industry$zUtah.
=650  \0$aForests and forestry$zUtah.
=650  \3$aforest products industry.
=650  \3$alogging.
=650  \3$aland ownership.
=650  \3$ageographical distribution.
=650  \3$anational forests.
=651  \3$aUtah.
=651  \7$aUtah.$2fast$0(OCoLC)fst01204563
=655  \3$aInternet resource.
=700  1\$aWichman, Daniel P.$0http://id.loc.gov/authorities/names/no92029460
=700  1\$aVan Hooser, Dwane D.$0http://id.loc.gov/authorities/names/n83061832
=710  1\$aUnited States.$bDepartment of Agriculture.
=776  08$iOnline version:$aKeegan, Charles E.$tUtah's forest products industry.$dOgden, UT : Intermountain Research Station, [1995]$w(OCoLC)624315036
=830  \0$aResource bulletin INT ;$v83.
=856  41$uhttps://archive.org/details/utahsforestprodu83keeg
=912  \\$analcatalog
=930  \\$a20140603$b20140704$c00000000
=939  \\$a19951204$b19951207$c00000000
=945  \\$dML$e95/11/08$fSES$g95/11/16
=945  \\$p28
=945  \\$aDigiMet
=946  \\$aUSDA
=994  \\$a92$bAGL

