=LDR  01886cam a2200541 a 4500
=001  9915518571307426
=005  20240620110413.0
=008  951128s1995\\\\pauab\\\\bs\\f001\0\eng\\
=010  \\$a   95228386 
=016  7\$aCAT10713473$2DNAL
=035  \\$a769911
=035  \\$a(OCoLC)33810155
=035  \\$a(DNAL)769911-naldb-Voyager
=040  \\$aDNAL$beng$cDLC$dOCL$dOCLCQ$dBTCTA$dDEBBG$dOCLCO$dOCLCA$dOCLCF$dOCLCQ$dOCLCA$dAGL
=042  \\$alccopycat
=043  \\$an-us-ny
=049  \\$aAGLL
=050  00$aSD144.N7$bA76 1995
=070  0\$aA99.9$bF7622Uf no.132
=072  \0$aK250
=100  1\$aAlerich, Carol L.
=245  10$aForest statistics for New York, 1980 and 1993 /$cCarol L. Alerich, David A. Drake.
=260  \\$aRadnor, PA :$bUSDA Forest Service,$c[1995]
=300  \\$a31, approximately 200 pages :$billustrations, maps ;$c28 cm.
=336  \\$atext$btxt$2rdacontent
=337  \\$aunmediated$bn$2rdamedia
=338  \\$avolume$bnc$2rdacarrier
=490  1\$aResource bulletin NE ;$v132
=504  \\$aIncludes bibliographical references (page 13) and index.
=591  \\$bNAL Reclamation
=593  \\$fAgricola CAT
=650  \0$aForests and forestry$zNew York (State)$vStatistics.
=651  \7$aNew York (State)$2fast$0(OCoLC)fst01210280
=651  \7$aNew York (Staat)$2swd
=655  \3$aInternet resource.
=655  \7$aStatistics.$2fast$0(OCoLC)fst01423727
=655  \7$aDatensammlung.$2swd
=700  1\$aDrake, David A.
=710  2\$aNortheastern Forest Experiment Station (Radnor, Pa.)
=830  \0$aResource bulletin NE ;$v132.
=856  41$uhttps://archive.org/details/foreststatistics132aler
=912  \\$analcatalog
=930  \\$a20140207$b20140307$c00000000
=938  \\$aBaker and Taylor$bBTCP$n95228386
=939  \\$a19951204$b19951207$c00000000
=945  \\$dCWT$e95/10/25$fAR$g95/11/28$n1
=945  \\$p260
=945  \\$aDigiMet
=946  \\$aUSDA
=994  \\$a92$bAGL

