=LDR  01965cam a2200505Ia 4500
=001  9915519964807426
=005  20240620113429.0
=008  020510s1969\\\\dcua\\\\\b\\\f001\0\eng\d
=016  7\$aCAT10534182$2DNAL
=035  \\$a884857
=035  \\$a(OCoLC)13699021
=035  \\$a(DNAL)884857-naldb-Voyager
=040  \\$aCSA$beng$cCSA$dOCL$dAGL$dOCLCQ$dOCLCG$dOCLCQ$dORE$dOCLCF$dOCLCQ$dOCLCA
=049  \\$aAGLL
=050  \0$aTX558.W5$bS3
=070  0\$aaTX558.W5$bS35 1969
=072  \0$aQ000
=072  \0$aQ004
=072  \0$aT000
=072  \0$aU600
=086  0\$aA 77.15:61-7
=100  1\$aSchlosser, Georgia C.
=245  10$aCottonseed flour, peanut flour, and soy flour :$bformulas and procedures for family and institutional use in developing countries /$c[by Georgia C. Schlosser and Elsie H. Dawson].
=260  \\$aWashington :$bU.S. Dept. of Agriculture, Agricultural Research Service, in cooperation with Agency for International Development, U.S. Dept. of State,$c[1969]
=300  \\$aii, 51 pages :$billustrations ;$c26 cm.
=336  \\$atext$btxt$2rdacontent
=337  \\$aunmediated$bn$2rdamedia
=338  \\$avolume$bnc$2rdacarrier
=490  1\$aARS ;$v61-7
=504  \\$aIncludes bibliographical references and index.
=591  \\$bNAL Reclamation
=593  \\$fAgricola CAT
=650  \0$aFlour.$0http://id.loc.gov/authorities/subjects/sh85049267
=650  \0$aSoy flour.$0http://id.loc.gov/authorities/subjects/sh85125888
=655  \3$aInternet resource.
=700  1\$aDawson, Elsie H.$q(Elsie Halstrom),$d1913-1994.
=710  1\$aUnited States.$bAgricultural Research Service.
=830  \0$aARS (Series) (United States. Agricultural Research Service) ;$v61-7.
=856  41$uhttps://archive.org/details/cottonseedflourp617schl
=912  \\$analcatalog
=930  \\$a20140702$b20140807$c00000000
=939  \\$a20020602$b20020610$c00000000
=945  \\$dRY$e2002/05/07$fRY$g2002/05/07
=945  \\$p60
=945  \\$aDigiMet
=946  \\$aUSDA
=994  \\$a92$bAGL

