=LDR  01174cam a2200349Mi 4500
=001  9915520919007426
=005  20240620115955.0
=008  910402nuuuuuuuuxx\\\\\\\\\\\\000\0\eng\d
=016  7\$aCAT10675574$2DNAL
=035  \\$a498160
=035  \\$a(OCoLC)71022417
=035  \\$a(DNAL)498160-naldb-Voyager
=040  \\$aAGL$beng$cAGL$dOCLCQ$dOCLCO$dOCLCQ$dAGL
=049  \\$aRQIA
=070  0\$a1.9$bAg81Ec
=072  \0$aX100
=110  2\$aGraduate School, USDA.$0http://id.loc.gov/authorities/names/n83147636
=245  10$aOutline of course and preliminary instructions. :$bthe 1928 statistical class.
=260  \\$a[Place of publication not identified] :$b[publisher not identified],$c[date of publication not identified]
=300  \\$a6 leaves ;$c27 cm
=336  \\$atext$btxt$2rdacontent
=337  \\$aunmediated$bn$2rdamedia
=338  \\$avolume$bnc$2rdacarrier
=591  \\$bNAL Reclamation
=593  \\$fAgricola CAT
=650  \3$amathematics and statistics.
=655  \3$aInternet resource.
=856  41$uhttps://archive.org/details/outlineofcoursep00grad
=912  \\$analcatalog
=930  \\$a20140505$b20140606$c00000000
=945  \\$aDigiMet
=945  \\$p16
=946  \\$aUSDA
=994  \\$a92$bAGL

