=LDR  02066cam a2200541Ia 4500
=001  9915521055307426
=005  20240620120021.0
=008  770119s1885\\\\wauab\\\\\\\\\000\0\eng\c
=010  \\$a   09001042 
=016  7\$aCAT10692310$2DNAL
=019  \\$a154818197
=035  \\$a709382
=035  \\$a(OCoLC)02688776$z(OCoLC)154818197
=035  \\$a(DNAL)709382-naldb-Voyager
=035  \\$z(OCoLC)154818197
=040  \\$aU. S. Dept. of Agr. Library$beng$cIAU$dAGL$dOCLCQ$dOCLCG$dOCLCF$dOCLCQ$dOCLCO$dIHC$dCOF$dNOC$dOCLCA$dTJC
=049  \\$aAGLL
=050  00$aS585$b.A1 no.5$aSB217 .W6
=070  0\$a1$bC42B no.5
=072  \0$aF120
=086  0\$aA 7.3:5
=100  1\$aWiley, Harvey Washington,$d1844-1930.
=245  14$aThe sugar industry of the United States.
=260  \\$aWashington :$bG.P.O.,$c1885.
=300  \\$a224 pages :$billustrations, 16 folded maps ;$c23 cm.
=336  \\$atext$btxt$2rdacontent
=337  \\$aunmediated$bn$2rdamedia
=338  \\$avolume$bnc$2rdacarrier
=490  1\$aBulletin / U.S. Dept. of Agriculture, Chemical Division ;$vno. 5
=505  0\$aIntroduction, Part I. Cane sugar -- Part II. Beet sugar -- Part III. Sorghum sugar -- Part IV. Maple sugar.
=591  \\$bNAL Reclamation
=593  \\$fAgricola CAT
=650  \0$aSugar.$0http://id.loc.gov/authorities/subjects/sh85129663
=650  \0$aSorghum.$0http://id.loc.gov/authorities/subjects/sh85125316
=650  \0$aMaple sugar.$0http://id.loc.gov/authorities/subjects/sh85080847
=650  \0$aBeet sugar.$0http://id.loc.gov/authorities/subjects/sh85012864
=650  \2$aFood-Processing Industry.
=650  \2$aSucrose$xsupply & distribution.
=655  \3$aInternet resource.
=830  \0$aBulletin (United States. Chemical Division) ;$vno. 5.
=856  41$uhttps://archive.org/details/sugarindustryofu05wile
=912  \\$analcatalog
=930  \\$a20140305$b20140404$c00000000
=939  \\$a20121210$b20130104$c00000000
=939  \\$a19950404$b19950410$c00000000
=945  \\$dAR$e95/03/16$fAR$g95/03/16
=945  \\$p296
=945  \\$aDigiMet
=946  \\$aOther US
=994  \\$a92$bAGL

