=LDR  01789cam a2200481Ia 4500
=001  9915523677507426
=005  20240624171645.0
=008  800401s1966\\\\pr\\\\\\\\\\\f000\0\eng\d
=016  7\$aCAT10235780$2DNAL
=035  \\$a210530
=035  \\$a(OCoLC)262686776
=035  \\$a(DNAL)210530-naldb-Voyager
=040  \\$aORE$beng$cORE$dMIN$dMTG$dNUI$dOCLCF$dOCLCQ$dSEA$dCOD$dAGM$dAGL
=041  0\$aeng$bspa
=049  \\$aAGLL
=050  10$aSD19.P8$bA57 no.6
=070  \\$aA99.9$bF7637N no. 6
=072  \0$a4500
=086  0\$aA 13.79:ITF-6
=100  1\$aHadley, Hultman,$d1917-$0http://id.loc.gov/authorities/names/n80065582
=245  10$aHerbicides for forest plantations, 1966 /$cby H.H. Hadley and C.B. Briscoe.
=260  \\$aRio Piedras, Puerto Rico :$bInstitute of Tropical Forestry,$c[1966]
=300  \\$a6 pages ;$c27 cm.
=336  \\$atext$btxt$2rdacontent
=337  \\$aunmediated$bn$2rdamedia
=338  \\$avolume$bnc$2rdacarrier
=490  1\$aU.S. Forest Service research note ;$vno. ITF 6
=546  \\$aIn English with Spanish summary.
=591  \\$bNAL Reclamation
=593  \\$fAgricola CAT
=650  \0$aHerbicides$xTesting.
=650  \3$aherbicides.
=650  \3$aforest plantations.
=655  \3$aInternet resource.
=700  1\$aBriscoe, C. B.$0http://id.loc.gov/authorities/names/n88076980
=710  2\$aInstitute of Tropical Forestry (Río Piedras, San Juan, P.R.)$0http://id.loc.gov/authorities/names/n50064401
=810  2\$aInstitute of Tropical Forestry (Río Piedras, San Juan, P.R.).$tU.S. Forest Service research note ITF ;$v6.
=856  41$uhttps://archive.org/details/herbicidesforfor06hadl
=912  \\$analcatalog
=930  \\$a20140703$b00000000$c00000000
=945  \\$aDigiMet
=945  \\$p10
=946  \\$aUSDA
=959  \\$c2014-07-03$earojas$gap
=994  \\$a92$bAGL

