=LDR  01640cam a2200433Ia 4500
=001  9915523713907426
=005  20240624171636.0
=008  950131s1876\\\\dcua\\\\\\\\\f000\0\eng\\
=016  7\$aCAT10739546$2DNAL
=035  \\$a680422
=035  \\$a(OCoLC)71072673
=035  \\$a(DNAL)680422-naldb-Voyager
=040  \\$aAGL$beng$cAGL$dAGL$dOCLCQ$dOCLCO$dOCLCF$dOCLCO$dOCLCA
=043  \\$an-us---
=049  \\$aAGLL
=070  0\$aSB273$b.P63 1876
=245  04$aThe planter's guide for cultivating and curing tobacco wih information and instructions concerning the Shelton Tobacco Hanger /$cprepared by the Shelton Tobacco Curing company of Asheville, North Carolina, and published by the Department of Agriculture of the United States.
=260  \\$aWashington :$bG.P.O.,$c1876.
=300  \\$a24 pages :$billustrations ;$c24 cm
=336  \\$atext$btxt$2rdacontent
=337  \\$aunmediated$bn$2rdamedia
=338  \\$avolume$bnc$2rdacarrier
=591  \\$bNAL Reclamation
=593  \\$fAgricola CAT
=650  \0$aTobacco$zUnited States.
=650  \0$aTobacco curing$zUnited States.
=651  \7$aUnited States.$2fast$0(OCoLC)fst01204155
=655  \3$aInternet resource.
=710  2\$aShelton Tobacco-Curing Co. (Asheville, N.C.)
=710  1\$aUnited States.$bDepartment of Agriculture.
=856  41$uhttps://archive.org/details/plantersguidefor10shel
=912  \\$analcatalog
=930  \\$a20171026$b20171115$c00000000
=939  \\$a20140305$b20140404$c00000000
=939  \\$a20120907$b20121009$c00000000
=945  \\$aDigiMet
=945  \\$p30
=946  \\$aOther US
=958  \\$be$c2012-09-07$dn$emlydon
=959  \\$c2013-04-02$essouder$gap
=994  \\$a92$bAGL

