=LDR  01668cam a2200457 a 4500
=001  9915523940007426
=005  20240624170720.0
=008  800401s1967\\\\mdua\\\\\b\\\f000\0\eng\d
=016  7\$aCAT10235800$2DNAL
=035  \\$a210570
=035  \\$a(OCoLC)85237368
=035  \\$a(DNAL)210570-naldb-Voyager
=040  \\$aWAU$beng$cWAU$dMUU$dNUI$dOCLCF$dOCLCQ$dOCLCA$dGZM$dOCLCQ$dAGL
=043  \\$an-us---
=049  \\$aAGLL
=070  \\$aA280.39$bR31A no. 10
=072  \0$a1500
=086  0\$aA 77.15:51-10
=086  0\$aA 77.15:ARS-51-10
=100  1\$aHarding, Paul L.$q(Paul Lewis),$d1898-$0http://id.loc.gov/authorities/names/n86843384
=245  10$aEvaluating the quality of United States-grown citrus fruits in European markets /$c[by Paul L. Harding].
=260  \\$aBeltsville, Md. :$bU.S. Dept. of Agriculture, Agricultural Research Service,$c[1967]
=300  \\$a10 pages :$billustrations ;$c26 cm
=336  \\$atext$btxt$2rdacontent
=337  \\$aunmediated$bn$2rdamedia
=338  \\$avolume$bnc$2rdacarrier
=490  1\$aARS ;$v51-10
=504  \\$aIncludes bibliographical references.
=591  \\$bNAL Reclamation
=593  \\$fAgricola CAT
=650  \0$aCitrus fruits$xQuality$zUnited States.
=651  \7$aUnited States.$2fast$0(OCoLC)fst01204155
=655  \3$aInternet resource.
=710  1\$aUnited States.$bAgricultural Research Service.
=830  \0$aARS (Series) (United States. Agricultural Research Service) ;$v51-10.
=856  41$uhttps://archive.org/details/evaluatingqualit10hard
=912  \\$analcatalog
=930  \\$a20140306$b20140404$c00000000
=945  \\$aDigiMet
=945  \\$p16
=946  \\$aUSDA
=959  \\$c2014-03-06$earojas$gap
=994  \\$a92$bAGL

