=LDR  01019cam a2200337M  4500
=001  9915523975007426
=005  20240624170722.0
=008  800401s1965\\\\mx\\\\\\\\\\\\000\0\eng\d
=016  7\$aCAT10248036$2DNAL
=035  \\$a210226
=035  \\$a(OCoLC)1288981474
=035  \\$a(DNAL)210226-naldb-Voyager
=040  \\$aAGL$beng$cAGL
=049  \\$aAGLL
=070  \\$aA280.29$bF22G no. 120 1965 Spanish ed.
=072  \0$a1000
=100  1\$aManuel, Milton L.,$d1919-
=245  10$aMejoramiento en la administracion de las cooperativas agricolas.
=250  \\$a[1 ed. en espanol].
=260  \\$aMexico$c[1965]
=300  \\$a46 p.
=591  \\$bNAL Reclamation
=593  \\$fAgricola CAT
=655  \3$aInternet resource.
=700  1\$aManual, Milton L.,$d1919-$tImproving management of farmer cooperatives.
=856  41$uhttps://archive.org/details/mejoramientoenla12manu
=912  \\$analcatalog
=930  \\$a20140306$b00000000$c00000000
=945  \\$aDigiMet
=945  \\$p70
=946  \\$aNon-US
=959  \\$c2014-03-06$earojas$gap
=994  \\$a92$bAGL

