=LDR  01859cam a2200469Ia 4500
=001  9915524016007426
=005  20240624170725.0
=008  800401s1968\\\\oru\\\\\\b\\\f000\0\eng\d
=016  7\$aCAT10248157$2DNAL
=019  \\$a979677961$a1084300136$a1231926110
=035  \\$a210454
=035  \\$a(OCoLC)41816855$z(OCoLC)979677961$z(OCoLC)1084300136$z(OCoLC)1231926110
=035  \\$a(DNAL)210454-naldb-Voyager
=035  \\$z(OCoLC)979677961$z(OCoLC)1084300136$z(OCoLC)1231926110
=040  \\$aAkJFS$beng$cW7L$dOCL$dMTG$dOSO$dOCLCF$dOCLCQ$dOCLCO$dSEA$dAGM$dOCLCO$dAGL
=049  \\$aAGLL
=070  \\$aA99.9$bF7625U no. 88
=072  \0$a8000
=086  0\$aA 13.79:PNW-88
=100  1\$aMiner, Norman H.$0http://id.loc.gov/authorities/names/n81122480
=245  10$aNatural filtering of suspended soil by a stream at low flow /$cNorman H. Miner.
=260  \\$aPortland, Or. :$bPacific Northwest Forest and Range Experiment Station, U.S. Forest Service,$c1968.
=300  \\$a4 pages ;$c28 cm.
=336  \\$atext$btxt$2rdacontent
=337  \\$aunmediated$bn$2rdamedia
=338  \\$avolume$bnc$2rdacarrier
=490  1\$aU.S. Forest Service research note PNW ;$v88
=504  \\$aIncludes bibliographical references.
=591  \\$bNAL Reclamation
=593  \\$fAgricola CAT
=650  \0$aStream measurements.$0http://id.loc.gov/authorities/subjects/sh85128570
=650  \3$awater quality.
=650  \3$astreams.
=655  \3$aInternet resource.
=710  2\$aPacific Northwest Forest and Range Experiment Station (Portland, Or.)$0http://id.loc.gov/authorities/names/n80126131
=830  \0$aU.S. Forest Service research note PNW ;$v88.
=856  41$uhttps://archive.org/details/naturalfiltering88mine
=912  \\$analcatalog
=930  \\$a20140506$b00000000$c00000000
=945  \\$aDigiMet
=945  \\$p8
=946  \\$aUSDA
=959  \\$c2014-05-06$earojas$gap
=994  \\$a92$bAGL

