=LDR  02133cam a2200553   4500
=001  9915524036807426
=005  20240624170716.0
=008  800401s1967\\\\dcu\\\\\\b\\\\000\0\eng\c
=010  \\$aagr67000231 
=016  7\$aCAT10235744$2DNAL
=035  \\$a210459
=035  \\$a(OCoLC)00035325
=035  \\$a(DNAL)210459-naldb-Voyager
=040  \\$aU.S. Nat'l Agr. Libr.$beng$cDLC$dIWA$dBTCTA$dOCLCF$dOCLCO$dOCLCQ$dOCLCO$dCOD$dAGL
=049  \\$aAGLL
=050  \0$aSB608.C8$bG73x 1967
=070  \\$aA420$bR31 no. 121
=072  \0$a3000
=086  0\$aA 77.15:33-121
=100  1\$aGraham, H. M.$q(Harry Morgan),$d1929-$0http://id.loc.gov/authorities/names/n89655154
=245  12$aA method of evaluating cotton gins for pink bollworm kill,$cby H.M. Graham, O.T. Robertson, and V.L. Stedronsky.
=260  \\$a[Washington]$c1967.
=300  \\$a5 pages$c26 cm.
=336  \\$atext$btxt$2rdacontent
=337  \\$aunmediated$bn$2rdamedia
=338  \\$avolume$bnc$2rdacarrier
=490  1\$aUnited States. Agricultural Research Service. ARS 33$v-121
=504  \\$aIncludes bibliographical references.
=591  \\$bNAL Reclamation
=593  \\$fAgricola CAT
=650  \0$aPink bollworm.$0http://id.loc.gov/authorities/subjects/sh85102249
=650  \0$aCotton gins and ginning.$0http://id.loc.gov/authorities/subjects/sh85033328
=650  \3$aCotton gins.
=650  \3$aPectinophora gossypiella.
=655  \3$aInternet resource.
=700  1\$aRobertson, Oris T.,$d1905-$eauthor.
=700  1\$aStedronsky, Victor L.$q(Victor Leo),$d1908-$eauthor.$0http://id.loc.gov/authorities/names/no98079640
=830  \0$aARS (Series) (United States. Agricultural Research Service) ;$v33-121.
=856  41$uhttps://archive.org/details/methodofevaluati121grah
=912  \\$analcatalog
=930  \\$a20210612$b00000000$c00000000
=938  \\$aBaker and Taylor$bBTCP$nagr67000231
=939  \\$a20140411$b20140502$c00000000
=939  \\$a20131022$b20131101$c00000000
=945  \\$aDigiMet
=945  \\$p12
=946  \\$aUSDA
=959  \\$c2013-10-22$essouder$gurl
=959  \\$c2021-01-10$ecmartinez$gupgrade
=959  \\$c2021-06-11$eaxu$gother
=994  \\$a92$bAGL

