=LDR  01101cam a2200349M  4500
=001  9915524141107426
=005  20240624170738.0
=008  800401s1968\\\\pau\\\\\\\\\\\000\0\eng\d
=016  7\$aCAT10247922$2DNAL
=035  \\$a210005
=035  \\$a(OCoLC)1289134994
=035  \\$a(DNAL)210005-naldb-Voyager
=040  \\$aAGL$beng$cAGL
=049  \\$aAGLL
=070  \\$aA99.9$bF7622U no. 85
=072  \0$a4500
=100  1\$aLeak, William B.
=245  10$aBirch regeneration; a stochastic model.
=260  \\$aUpper Darby,$c1968.
=300  \\$a7 p.
=490  1\$aU.S. Forest Service. Northeastern Forest Experiment Station, 1945- U.S. Forest Service research note NE-85
=591  \\$bNAL Reclamation
=593  \\$fAgricola CAT
=655  \3$aInternet resource.
=810  2\$aUnited States.$bForest Service.$tU.S. Forest Service research note NE.$v85.
=856  41$uhttps://archive.org/details/birchregeneratio85leak
=912  \\$analcatalog
=930  \\$a20140116$b00000000$c00000000
=945  \\$aDigiMet
=945  \\$p12
=946  \\$aUSDA
=959  \\$c2014-01-15$essouder$gurl
=959  \\$c2014-01-16$earojas$gap
=994  \\$a92$bAGL

