=LDR  01864cam a2200517Ia 4500
=001  9915524396307426
=005  20240624170830.0
=008  800401s1969\\\\paua\\\\\b\\\f000\0\eng\d
=016  7\$aCAT10248193$2DNAL
=035  \\$a210525
=035  \\$a(OCoLC)311622588
=035  \\$a(DNAL)210525-naldb-Voyager
=040  \\$aMTG$beng$cMTG$dMTG$dNUI$dOCLCA$dPHA$dOCLCF$dOCLCQ$dSEA$dCOD$dOCLCA$dAGM$dOCLCA$dAGL
=049  \\$aAGLL
=070  \\$aA99.9$bF7622U no. 91
=072  \0$a4500
=086  0\$aA 13.79:NE-91
=100  1\$aMorrow, Robert R.$0http://id.loc.gov/authorities/names/n83234173
=245  10$aVacuum pumping doubles maple sap yield on flat land /$c[by Robert R. Morrow and Carter B. Gibbs].
=260  \\$aUpper Darby, Pa. :$bNortheastern Forest Experiment Station, Forest Service, U.S. Dept. of Agriculture,$c1968.
=300  \\$a5 pages :$billustrations ;$c25 cm.
=336  \\$atext$btxt$2rdacontent
=337  \\$aunmediated$bn$2rdamedia
=338  \\$avolume$bnc$2rdacarrier
=490  1\$aU.S. Forest Service research note ;$vNE-91
=504  \\$aIncludes bibliographical references (page 5).
=530  \\$aAlso available online.
=591  \\$bNAL Reclamation
=593  \\$fAgricola CAT
=650  \0$aSugar maple$xTapping.$0http://id.loc.gov/authorities/subjects/sh85129710
=650  \3$aAcer.
=650  \3$asap.
=650  \3$aharvesting.
=650  \3$ayields.
=650  \3$avacuum pumps.
=655  \3$aInternet resource.
=700  1\$aGibbs, Carter B.
=710  2\$aNortheastern Forest Experiment Station (Radnor, Pa.)
=830  \0$aU.S. Forest Service research note NE ;$v91.
=856  41$uhttps://archive.org/details/vacuumpumpingdou91morr
=912  \\$analcatalog
=930  \\$a20140116$b00000000$c00000000
=945  \\$aDigiMet
=945  \\$p12
=946  \\$aUSDA
=959  \\$c2014-01-15$essouder$gurl
=959  \\$c2014-01-16$earojas$gap
=994  \\$a92$bAGL

