=LDR  02705cam a2200613Ia 4500
=001  9915524610207426
=005  20240620131659.0
=008  990212s1998\\\\orua\\\\\b\\\f000\0\eng\d
=016  7\$aCAT10861675$2DNAL
=035  \\$a826566
=035  \\$a(OCoLC)40330824
=035  \\$a(DNAL)826566-naldb-Voyager
=040  \\$aSOS$beng$cSOS$dAGL$dOCLCQ$dMTG$dWAU$dOCLCF$dOCLCQ$dAGM$dOCLCQ$dOCL$dOCLCQ$dOCLCO
=043  \\$an-us-or
=049  \\$aAGLL
=050  \0$aSD143$b.U51 no.526
=070  0\$aA99.9$bF7625U no.526
=072  \0$aF821
=072  \0$aK001
=086  0\$aA 13.79:PNW-RN-526
=100  1\$aCochran, P. H.$0http://id.loc.gov/authorities/names/n82208377
=245  10$aReduction in growth of pole-sized Ponderosa pine related to a Pandora moth outbreak in central Oregon /$cP.H. Cochran.
=260  \\$aPortland, Or. (333 S.W. First Ave., P.O. Box 3890, Portland 97208-3890) :$bU.S. Dept. of Agriculture, Forest Service, Pacific Northwest Research Station,$c[1998]
=300  \\$a14 pages :$billustrations ;$c28 cm
=336  \\$atext$btxt$2rdacontent
=337  \\$aunmediated$bn$2rdamedia
=338  \\$avolume$bnc$2rdacarrier
=490  1\$aResearch note PNW ;$vRN-526
=504  \\$aIncludes bibliographical references (page 14).
=530  \\$aAlso available online.
=530  \\$aLibrary also holds microfiche. Washington, DC : Supt. of Docs., U.S. G.P.O., 1998. 1 microfiche : negative. (NAL call no. : Fiche S-133 (A 13.79:PNW-RN-526)
=591  \\$bNAL Reclamation
=593  \\$fAgricola CAT
=650  \0$aPonderosa pine$xDiseases and pests$zOregon, Central.
=650  \0$aPonderosa pine$zOregon, Central$xGrowth.
=650  \3$aColoradia pandora.
=650  \3$aPinus ponderosa.
=650  \3$adefoliation.
=650  \3$ainsect pests.
=650  \3$aforest pests.
=651  \3$aOregon
=651  \7$aCentral Oregon.$2fast$0(OCoLC)fst01907125
=655  \3$aInternet resource.
=710  2\$aPacific Northwest Research Station (Portland, Or.)$0http://id.loc.gov/authorities/names/n85303399
=776  08$iOnline version:$aCochran, P.H.$tReduction in growth of pole-sized Ponderosa pine related to a Pandora moth outbreak in central Oregon.$dPortland, Or. (333 S.W. First Ave., P.O. Box 3890, Portland 97208-3890) : U.S. Dept. of Agriculture, Forest Service, Pacific Northwest Research Station, [1998]$w(OCoLC)624409353
=830  \0$aResearch note PNW ;$v526.
=856  41$uhttps://archive.org/details/reductioningrowt526coch
=912  \\$analcatalog
=930  \\$a20140505$b20140606$c00000000
=939  \\$a20040823$b20040901$c00000000
=939  \\$a20011202$b20011206$c00000000
=945  \\$dAR$e99/02/11$fAR$g99/02/11$n1
=945  \\$p20
=945  \\$aDigiMet
=946  \\$aUSDA
=994  \\$a92$bAGL

