=LDR  01996cam a2200505Ia 4500
=001  9915525122307426
=005  20240620131719.0
=008  990812s1999\\\\dcuab\\\\b\\\f000\0\eng\\
=016  7\$aCAT10875549$2DNAL
=019  \\$a222540949
=035  \\$a834484
=035  \\$a(OCoLC)41994352$z(OCoLC)222540949
=035  \\$a(DNAL)834484-naldb-Voyager
=035  \\$z(OCoLC)222540949
=040  \\$aAGL$beng$cAGL$dOCLCQ$dOCLCG$dUBC$dOCLCQ$dOCLCF$dOCLCO$dOCLCA$dOCL$dAGL
=043  \\$an-usp--
=049  \\$aAGLL
=050  \0$aSB618.H3$bH35 1999
=070  0\$a1$bAg84M no. 1553
=072  \0$aP000
=245  00$aHalogeton :$ba history of mid-20th century range conservation in the intermountain area /$cJames A. Young [and others].
=246  30$aHistory of mid-20th century range conservation in the intermountain area
=260  \\$a[Washington, D.C.?] :$bU.S. Dept. of Agriculture, Agricultural Research Service,$c[1999]
=300  \\$avi, 60 pages :$billustrations, maps ;$c28 cm.
=336  \\$atext$btxt$2rdacontent
=337  \\$aunmediated$bn$2rdamedia
=338  \\$avolume$bnc$2rdacarrier
=490  1\$aMiscellaneous publication ;$vno. 1553
=504  \\$aIncludes bibliographical references (pages 54-60).
=591  \\$bNAL Reclamation
=593  \\$fAgricola CAT
=650  \0$aHalogeton$zWest (U.S.).
=650  \0$aLivestock poisoning plants$zWest (U.S.).
=651  \7$aWest United States.$2fast$0(OCoLC)fst01243255
=655  \3$aInternet resource.
=700  1\$aYoung, James A.$q(James Albert),$d1937-$0http://id.loc.gov/authorities/names/n82072769
=710  1\$aUnited States.$bAgricultural Research Service.
=830  \0$aMiscellaneous publication (United States. Department of Agriculture) ;$vno. 1553.
=856  41$uhttps://archive.org/details/halogetonhistory1553youn
=912  \\$analcatalog
=930  \\$a20140305$b20140404$c00000000
=939  \\$a19990901$b19990909$c00000000
=945  \\$dRLG$e99/08/02$fSES$g99/08/12$n1
=945  \\$p76
=945  \\$aDigiMet
=946  \\$aUSDA
=994  \\$a92$bAGL

