=LDR  02893cam a2200697Ia 4500
=001  9915525124107426
=005  20240620131718.0
=006  m\\\\\o\\d\f\\\\\\
=007  cr\mn|||||||||
=008  990809s1999\\\\oruab\\\ob\\\f000\0\eng\\
=016  7\$aCAT10875206$2DNAL
=019  \\$a1125664586$a1195706603$a1198449467
=035  \\$a834293
=035  \\$a(OCoLC)42025454$z(OCoLC)1125664586$z(OCoLC)1195706603$z(OCoLC)1198449467
=035  \\$a(DNAL)834293-naldb-Voyager
=035  \\$z(OCoLC)1125664586$z(OCoLC)1195706603$z(OCoLC)1198449467
=040  \\$aAGL$beng$cAGL$dGPO$dOCLCQ$dOCLCF$dOCLCQ$dOCLCO$dOCLCQ$dRIU$dOCLCA$dTKN$dINARC$dBHLMR$dSTF$dOCLCQ
=043  \\$an-us-or$an-us-wa$an-us-ca
=049  \\$aAGLL
=050  \0$aSD11.E32$bN4 no.PNW-RN-540
=070  0\$aA99.9$bF7625U no. 540
=072  \0$aP300
=072  \0$aK001
=072  \0$aK130
=074  \\$a0083-B-04 (MF)
=074  \\$a0083-B-04 (online)
=086  0\$aA 13.79:PNW-RN-540
=100  1\$aCalkin, David.
=245  10$aHistoric resource production from USDA Forest Service Northern and Intermountain Region lands /$cDavid Calkin.
=256  \\$aElectronic document.
=260  \\$aPortland, Or. :$bU.S. Dept. of Agriculture, Forest Service, Pacific Northwest Research Station,$c[1999]
=300  \\$a1 online resource.
=336  \\$atext$btxt$2rdacontent
=337  \\$acomputer$bc$2rdamedia
=338  \\$aonline resource$bcr$2rdacarrier
=490  1\$aResearch note PNW-RN ;$v540
=530  \\$aLibrary also holds microfiche. Washington, DC : Supt. of Docs., U.S. G.P.O., 1999. 1 microfiche : negative. (NAL call no. : Fiche S-133 (A 13.79:PNW-RN-540)
=538  \\$aMode of access: Internet from the USFS web site (PDF file only). Address as of 10-25-99: http://www.fs.fed.us/pnw/pubs/rn%5F540.pdf ; current access is available via PURL.
=516  \\$aText (electronic publication).
=504  \\$aIncludes bibliographical references.
=591  \\$bNAL Reclamation
=593  \\$fAgricola CAT
=650  \0$aForest reserves$zNorthwest, Pacific.
=650  \0$aLogging$zNorthwest, Pacific.
=651  \7$aPacific Northwest.$2fast$0(OCoLC)fst01242543
=655  \3$aInternet resource.
=655  \7$abook.$2marcgt
=710  2\$aPacific Northwest Research Station (Portland, Or.)$0http://id.loc.gov/authorities/names/n85303399
=830  \0$aResearch note PNW ;$v540.
=856  41$uhttp://purl.access.gpo.gov/GPO/LPS3537
=856  41$uhttps://archive.org/details/historicresource540calk
=912  \\$analcatalog
=930  \\$a20140505$b20140606$c00000000
=938  \\$aBiodiversity Heritage Library$bBHL1$n78807
=938  \\$aInternet Archive$bINAR$nhistoricresource540calk
=939  \\$a20040909$b20041003$c00000000
=939  \\$a20040823$b20040901$c00000000
=939  \\$a19990901$b19990909$c00000000
=945  \\$dDF$e99/08/06$fCMM$g99/08/09$n1
=945  \\$p36
=945  \\$aDigiMet
=946  \\$aUSDA
=994  \\$a92$bAGL

