=LDR  01494cam a2200409Ma 4500
=001  9915525144007426
=005  20240624170947.0
=008  800401s1965\\\\dcu\\\\\\b\\\f100\0\eng\d
=016  7\$aCAT10232719$2DNAL
=035  \\$a204601
=035  \\$a(OCoLC)1289081357
=035  \\$a(DNAL)204601-naldb-Voyager
=040  \\$aAGL$beng$cAGL
=049  \\$aAGLL
=070  0\$aA381$bR31 no. 39
=072  \0$a7000
=110  2\$aRice Technical Working Group$n(10th :$d1964 :$cDavis, Calif.)
=245  10$aProceedings, tenth Rice Technical Working Group :$bheld June 17-19, 1964, at University of California, Davis, Calif. /$cAgricultural Research Service, United States Department of Agriculture.
=260  \\$a[Washington, DC] :$bAgricultural Research Service, United States Department of Agriculture,$c[1965]
=300  \\$avi, 111 p.
=490  1\$aU.S. Agricultural Research Service. ARS 72 ;$v39
=504  \\$aIncludes bibliographical references (p. 103-108).
=591  \\$bNAL Reclamation
=593  \\$fAgricola CAT
=650  \0$aRice$vCongresses.
=650  \0$aRice$xResearch$vCongresses.
=655  \3$aInternet resource.
=830  \0$aARS 72 ;$v39.
=856  41$uhttps://archive.org/details/proceedingstenth7239rice
=912  \\$analcatalog
=930  \\$a20140115$b20140207$c00000000
=939  \\$a20130314$b20130404$c00000000
=945  \\$aDigiMet
=945  \\$p124
=946  \\$aUSDA
=959  \\$c2014-01-15$essouder$gurl
=959  \\$c2013-03-14$ejgilbert$gde
=959  \\$c2013-03-14$ejgilbert$glf
=994  \\$a92$bAGL

