=LDR  01726cam a2200469Ia 4500
=001  9915525247807426
=005  20240624170935.0
=008  800401s1965\\\\pr\\\\\\\\\\\f000\0\eng\d
=016  7\$aCAT10232472$2DNAL
=035  \\$a204125
=035  \\$a(OCoLC)262686774
=035  \\$a(DNAL)204125-naldb-Voyager
=040  \\$aORE$beng$cORE$dMIN$dNUI$dOCLCF$dOCLCQ$dSEA$dCOD$dAGM$dAGL
=041  0\$aeng$bspa
=049  \\$aAGLL
=050  10$aSD19.P8$bA57 no.4
=070  \\$aA99.9$bF7637N no. 4
=072  \0$a7000
=086  0\$aA 13.79:ITF-4
=100  1\$aMarrero, José.$0http://id.loc.gov/authorities/names/n99010126
=245  10$aEffect of a plastic mulch on weed growth and early height growth of Honduras pine /$cby José Marrero.
=260  \\$aRio Piedras, Puerto Rico :$bInstitute of Tropical Forestry,$c[1965]
=300  \\$a5 pages ;$c27 cm.
=336  \\$atext$btxt$2rdacontent
=337  \\$aunmediated$bn$2rdamedia
=338  \\$avolume$bnc$2rdacarrier
=490  1\$aU.S. Forest Service research note ITF ;$v1 [i.e. 4]
=546  \\$aIn English with Spanish summary.
=591  \\$bNAL Reclamation
=593  \\$fAgricola CAT
=650  \0$aPinus caribaea$xGrowth.
=650  \3$aPinus caribaea.
=650  \3$amulches.
=655  \3$aInternet resource.
=710  2\$aInstitute of Tropical Forestry (Río Piedras, San Juan, P.R.)$0http://id.loc.gov/authorities/names/n50064401
=810  2\$aInstitute of Tropical Forestry (Río Piedras, San Juan, P.R.).$tU.S. Forest Service research note ITF ;$v4.
=856  41$uhttps://archive.org/details/effectofplasticm04marr
=912  \\$analcatalog
=930  \\$a20140703$b00000000$c00000000
=945  \\$aDigiMet
=945  \\$p10
=946  \\$aUSDA
=959  \\$c2014-07-03$earojas$gap
=994  \\$a92$bAGL

