=LDR  01955cam a2200445I  4500
=001  9915533285007426
=005  20240624194043.0
=008  920620s1937\\\\dcua\\\\\\\\\f000\0\eng\c
=010  \\$aagr37000781 
=016  7\$aCAT10506352$2DNAL
=035  \\$a407025
=035  \\$a(OCoLC)06207614
=035  \\$a(DNAL)407025-naldb-Voyager
=040  \\$aU.S. Dept. of agr. Library$beng$cCLE$dOCLCQ$dDNU$dAGL$dOCLCF$dOCLCQ$dOCLCO
=043  \\$an-us---
=049  \\$aRQIA
=050  10$aHD9006
=070  0\$a1$bEc7An
=072  \0$aD500
=086  0\$aT 22.2:T 19/3
=110  1\$aUnited States.$bBureau of Agricultural Economics.$0http://id.loc.gov/authorities/names/n80060900
=245  13$aAn analysis of the effects of the processing taxes levied under the Agricultural adjustment act.$cPrepared by the Bureau of agricultural economics, United States Department of agriculture.
=260  \\$aWashington,$bU.S. Govt. Print. Off.,$c1937.
=300  \\$av, 111 pages$bdiagrams$c23 cm
=336  \\$atext$btxt$2rdacontent
=337  \\$aunmediated$bn$2rdamedia
=338  \\$avolume$bnc$2rdacarrier
=591  \\$bNAL Reclamation
=593  \\$fAgricola CAT
=610  10$aUnited States.$bAgricultural Adjustment Administration$0http://id.loc.gov/authorities/names/n50061612
=610  17$aUnited States.$bAgricultural Adjustment Administration$2fast$0(OCoLC)fst00515521
=655  \3$aInternet resource.
=710  1\$aUnited States.$bInternal Revenue Service.$0http://id.loc.gov/authorities/names/n79063888
=776  08$iOnline version:$aUnited States. Bureau of Agricultural Economics.$tAnalysis of the effects of the processing taxes levied under the Agricultural adjustment act.$dWashington, U.S. Govt. print. off., 1937$w(OCoLC)752901847
=856  41$uhttps://archive.org/details/analysisofeffect00unit
=912  \\$analcatalog
=930  \\$a20140505$b00000000$c00000000
=945  \\$aDigiMet
=945  \\$p128
=946  \\$aOther US
=959  \\$c2013-04-17$essouder$gde
=994  \\$a92$bAGL

