=LDR  01768cam a2200421I  4500
=001  9915533314207426
=005  20240624194043.0
=008  920620s1920\\\\iluad\\\\\\\\\000\0\eng\\
=010  \\$a   20005833 
=016  7\$aCAT10506607$2DNAL
=035  \\$a407214
=035  \\$a(OCoLC)06418300
=035  \\$a(DNAL)407214-naldb-Voyager
=040  \\$aDLC$beng$cNRC$dNRC$dOCLCQ$dAGL$dLGG$dKRTAS$dOCLCF$dOCLCQ$dOCLCO$dHCO
=049  \\$aRQIA
=050  00$aSF487$b.C95
=070  0\$a47$bC94
=072  \0$aL100
=100  1\$aCurtis, Grant M.,$ecompiler.
=245  10$aUse of artificial light to increase winter egg production;$ccomp. by Grant M. Curtis; contributed to by George R. Shoup, Jas. E. Rice and by other well-known authorities. Fully illustrated, including ten color charts from Cornell University, the work of Dr. and Mrs. O.B. Kent.
=260  \\$aQuincy, Ill.,$bReliable Poultry Journal Pub. Co.$c[©1920]
=300  \\$a111 pages$billustrations, color charts$c30 cm
=336  \\$atext$btxt$2rdacontent
=337  \\$aunmediated$bn$2rdamedia
=338  \\$avolume$bnc$2rdacarrier
=591  \\$bNAL Reclamation
=593  \\$fAgricola CAT
=650  \0$aEggs$xProduction.$0http://id.loc.gov/authorities/subjects/sh85041242
=655  \3$aInternet resource.
=776  08$iOnline version:$aCurtis, Grant M.$tUse of artificial light to increase winter egg production.$dQuincy, Ill., Reliable Poultry Journal Pub. Co. [©1920]$w(OCoLC)691565323
=856  41$uhttps://archive.org/details/useofartificiall00curt_0
=912  \\$analcatalog
=930  \\$a20140702$b20140807$c00000000
=938  \\$aKirtas Technologies, Inc.$bKRTS$n680296
=939  \\$a20130417$b20130503$c00000000
=945  \\$aDigiMet
=945  \\$p120
=946  \\$aOther US
=959  \\$c2013-04-17$essouder$gde
=994  \\$a92$bAGL

