=LDR  02165cam a2200553I  4500
=001  9915533322507426
=005  20240624194043.0
=008  920620s1905\\\\dcua\\\\\\\\\f000\e\eng\\
=010  \\$aagr06000518 
=016  7\$aCAT10503463$2DNAL
=035  \\$a407757
=035  \\$a(OCoLC)01979063
=035  \\$a(DNAL)407757-naldb-Voyager
=040  \\$aDLC$beng$cKRS$dOCL$dOCLCQ$dIUL$dAGL$dOCLCG$dNUI$dOCLCF$dOCLCQ$dOCLCO
=043  \\$an-us---
=049  \\$aRQIA
=050  \0$aS21$b.E7 no.157
=070  0\$a1$bEx65W
=070  0\$a1$bEx6B no. 157 1905
=072  \0$aP200
=086  0\$aA 10.3:157
=100  1\$aTeele, R. P.$q(Ray Palmer),$d1868-1927.$0http://id.loc.gov/authorities/names/n78085426
=245  10$aWater rights on interstate streams;$bthe Platte River and tributaries. Results of investigation,$cBy R.P. Teele ...
=260  \\$aWashington,$bGovt. Print. Off.,$c1905.
=300  \\$a95 pages$billustrations$c23 cm.
=336  \\$atext$btxt$2rdacontent
=337  \\$aunmediated$bn$2rdamedia
=338  \\$avolume$bnc$2rdacarrier
=490  1\$aUnited States. Office of Experiment Stations. Bulletin,$v157
=591  \\$bNAL Reclamation
=593  \\$fAgricola CAT
=650  \0$aWater rights.$0http://id.loc.gov/authorities/subjects/sh85145633
=650  \0$aIrrigation laws$zUnited States.
=651  \7$aUnited States.$2fast$0(OCoLC)fst01204155
=655  \3$aInternet resource.
=710  1\$aUnited States.$bOffice of Experiment Stations.$0http://id.loc.gov/authorities/names/n82110275
=776  08$iOnline version:$aTeele, R. P. (Ray Palmer), 1868-1927.$tWater rights on interstate streams.$dWashington, Govt. Print. Off., 1905$w(OCoLC)903879392
=830  \0$aBulletin (United States. Office of Experiment Stations) ;$vno. 157.
=856  41$uhttps://archive.org/details/waterrightsonint157teel
=912  \\$analcatalog
=930  \\$a20140702$b20140807$c00000000
=939  \\$a20140204$b20140307$c00000000
=939  \\$a20130417$b20130503$c00000000
=945  \\$aDigiMet
=945  \\$p132
=945  \\$aDigiMet
=946  \\$aOther US
=946  \\$aUSDA
=958  \\$aresource$be$c2014-02-04$dn$edgoldber$hrecon
=959  \\$c2013-04-17$essouder$gde
=994  \\$a92$bAGL

