=LDR  02041cam a22005051i 4500
=001  9915533395807426
=005  20240624194100.0
=008  920621s1922\\\\cau\\\\\\\\\\\001\0\eng\\
=010  \\$a   22010034 
=016  7\$aCAT10517433$2DNAL
=035  \\$a407164
=035  \\$a(OCoLC)18482148
=035  \\$a(DNAL)407164-naldb-Voyager
=040  \\$aDLC$beng$cDLC$dAGL$dRQI$dOCLCE$dKRTAS$dAGL$dOCLCQ$dOCLCF$dDLC$dOCLCQ
=042  \\$apremarc
=049  \\$aAGLL
=050  00$aSF487$b.D44
=070  0\$aSF487$b.D462 1922
=100  1\$aDe Lapp, William Coultas.
=245  10$aJust plain chicken talk /$cby William Coultas De Lapp.
=260  \\$aPasadena, Calif. :$bW.C. De Lapp,$c©1922.
=300  \\$a78 pages ;$c21 cm
=336  \\$atext$btxt$2rdacontent
=337  \\$aunmediated$bn$2rdamedia
=338  \\$avolume$bnc$2rdacarrier
=530  \\$aAlso available in digital form on the Internet Archive Web site.
=590  \\$aRare and Special Collections' copy is part of the James M. Gwin Poultry Book Collection.
=591  \\$bNAL Reclamation
=593  \\$fAgricola CAT
=650  \0$aPoultry farms$xManagement.
=650  \0$aPoultry$xFeeding and feeds.$0http://id.loc.gov/authorities/subjects/sh85105899
=650  \0$aPoultry$xDiseases.$0http://id.loc.gov/authorities/subjects/sh85105896
=655  \3$aInternet resource.
=776  08$iOnline version:$aDe Lapp, William Coultas.$tJust plain chicken talk.$dPasadena, Calif., W.C. De Lapp, 1922$w(OCoLC)441941372
=776  08$iOnline version:$aDe Lapp, William Coultas.$tJust plain chicken talk.$dPasadena, Calif., W.C. De Lapp, 1922$w(OCoLC)612874434
=856  41$uhttp://hdl.loc.gov/loc.gdc/scd0001.00028668053
=856  41$uhttps://archive.org/details/justplainchicken00dela_0
=912  \\$analcatalog
=930  \\$a20160607$b20160701$c00000000
=938  \\$aKirtas Technologies, Inc.$bKRTS$n308689
=939  \\$a20140505$b20140606$c00000000
=939  \\$a20110323$b20110402$c00000000
=945  \\$aDigiMet
=945  \\$p92
=946  \\$aOther US
=958  \\$be$c2011-03-23$dn$emlydon
=994  \\$a92$bAGL

