=LDR  02682cam a2200541Ia 4500
=001  9915533416507426
=005  20240620122655.0
=008  920620s1940\\\\dcubd\\\\\\\\f000\0\eng\\
=010  \\$aagr40000387 
=016  7\$aCAT10507204$2DNAL
=019  \\$a8044172$a1247962352
=035  \\$a407035
=035  \\$a(OCoLC)21641010$z(OCoLC)8044172$z(OCoLC)1247962352
=035  \\$a(DNAL)407035-naldb-Voyager
=035  \\$z(OCoLC)8044172$z(OCoLC)1247962352
=040  \\$aDLC$beng$cCUY$dOCL$dWIH$dOCLCA$dOCLCF$dOCLCQ$dOCLCO$dAGM$dSNN$dOCLCQ$dCOA$dIUL$dAGL$dUPM$dOKS$dCHUNN$dOCLCO
=043  \\$an-us---
=049  \\$aRQIA
=050  00$aHD183$b.B72 1940
=070  0\$a1$bEc7Lu
=072  \0$aP300
=086  0\$aA 36.2:L 22/7
=110  1\$aUnited States.$bBureau of Agricultural Economics.$0http://id.loc.gov/authorities/names/n80060900
=245  10$aLand use planning under way /$cprepared by the Bureau of Agricultural Economics in cooperation with the Extension Service, Farm Security Administration, Soil Conservation Service, Agricultural Adjustment Administration, and Forest Service, United States Department of Agriculture.
=260  \\$aWashington, D.C. :$bUnited States Department of Agriculture,$c1940.
=300  \\$aii, 48 pages :$bcharts, maps (1 folded) ;$c24 cm
=336  \\$atext$btxt$2rdacontent
=337  \\$aunmediated$bn$2rdamedia
=338  \\$avolume$bnc$2rdacarrier
=591  \\$bNAL Reclamation
=593  \\$fAgricola CAT
=650  \0$aLand use$zUnited States$xPlanning.
=650  \0$aAgriculture$zUnited States.$0http://id.loc.gov/authorities/subjects/sh85002470
=650  \0$aAgriculture$xEconomic aspects$zUnited States.
=650  \3$aland use planning.
=651  \7$aUnited States.$2fast$0(OCoLC)fst01204155
=655  \3$aInternet resource.
=710  1\$aUnited States.$bAgricultural Adjustment Administration.$0http://id.loc.gov/authorities/names/n50061612
=710  1\$aUnited States.$bExtension Service.$0http://id.loc.gov/authorities/names/n80120734
=710  1\$aUnited States.$bFarm Security Administration.$0http://id.loc.gov/authorities/names/n50067296
=710  1\$aUnited States.$bForest Service.$0http://id.loc.gov/authorities/names/n79054932
=710  1\$aUnited States.$bSoil Conservation Service.$0http://id.loc.gov/authorities/names/n78085479
=776  08$iOnline version:$aUnited States. Bureau of Agricultural Economics.$tLand use planning under way.$dWashington, D.C. : United States Department of Agriculture, 1940$w(OCoLC)685201519
=856  41$uhttps://archive.org/details/landuseplanningu1940unit
=912  \\$analcatalog
=930  \\$a20140812$b20140905$c00000000
=945  \\$aDigiMet
=945  \\$p62
=946  \\$aOther US
=994  \\$a92$bAGL

