=LDR  01856cam a2200445I  4500
=001  9915533427607426
=005  20240620122651.0
=008  920620s1948\\\\dcuab\\\\\\\\f000\0\eng\d
=010  \\$a   52002400 
=016  7\$aCAT10508061$2DNAL
=035  \\$a407043
=035  \\$a(OCoLC)11763719
=035  \\$a(DNAL)407043-naldb-Voyager
=040  \\$aIEJ$beng$cIEJ$dOCLCQ$dAGL$dOCLCQ$dOCLCF$dOCLCQ$dOCLCO$dGPO$dVA@
=043  \\$an-us---
=049  \\$aRQIA
=050  \0$aHD1753$b1948l
=070  0\$a1$bEc7Lo
=072  \0$aE100
=086  0\$aY 4.AG 8/1:AG 8/19
=086  0\$aY 4.Ag 8/1:Ag 8/19
=110  1\$aUnited States.$bBureau of Agricultural Economics.$0http://id.loc.gov/authorities/names/n80060900
=245  10$aLong-range agricultural policy :$ba study of selected trends and factors relating to the long-range prospect for American agriculture for the Committee on Agriculture of the House of Representatives, Eightieth Congress, second session.
=260  \\$aWashington :$bU.S. G.P.O.,$c1948.
=300  \\$avii, 72 pages :$billustrations, maps ;$c24 cm
=336  \\$atext$btxt$2rdacontent
=337  \\$aunmediated$bn$2rdamedia
=338  \\$avolume$bnc$2rdacarrier
=591  \\$bNAL Reclamation
=593  \\$fAgricola CAT
=650  \0$aAgriculture$xEconomic aspects$zUnited States.
=651  \7$aUnited States.$2fast$0(OCoLC)fst01204155
=655  \3$aInternet resource.
=710  1\$aUnited States.$bCongress.$bHouse.$bCommittee on Agriculture.$0http://id.loc.gov/authorities/names/n81093140
=776  08$iOnline version:$aUnited States. Bureau of Agricultural Economics.$tLong-range agricultural policy.$dWashington : U.S.G.P.O., 1948$w(OCoLC)615263803
=856  41$uhttps://archive.org/details/longrangeagricul1948unit
=912  \\$analcatalog
=930  \\$a20140812$b20140905$c00000000
=945  \\$aDigiMet
=945  \\$p88
=946  \\$aOther US
=994  \\$a92$bAGL

