=LDR  00986cam a2200325 E 4500
=001  9915533476307426
=005  20240620122715.0
=008  910402s1969\\\\oru\\\\\\\\\\\00000\eng\u
=016  7\$aCAT10677144$2DNAL
=035  \\$90677-14460
=035  \\$a499748
=035  \\$a(DNAL)499748-naldb-Voyager
=040  \\$aAGL
=049  \\$aRQIA
=070  0\$aA99.9$bF7625U no.106
=072  \0$aF300
=100  10$aKlock, G. O.
=245  00$aSome autecological characteristics of elk sedge.
=260  1\$a[Portland]$c1969.
=300  \\$a5 p.$billus.
=490  0\$a(U.S. Pacific Northwest Forest and Range Experiment Station.$vU.S.D.A. Forest Service research note PNW-106)
=500  \\$aIssued July 1969.
=500  \\$a(11)
=593  \\$fAgricola CAT
=650  \3$aplant ecology$9auto-assigned by category code
=655  \3$aInternet resource
=856  41$uhttps://archive.org/details/someautecologica106kloc
=912  \\$analcatalog
=930  \\$a20140505$b20140606$c00000000
=945  \\$aDigiMet
=945  \\$p10
=946  \\$aUSDA

