=LDR  01557cam a2200421I  4500
=001  9915535834407426
=005  20240620130748.0
=008  920620s1912\\\\ilua\\\\\\\\\\000\0\eng\\
=010  \\$a   12008198 
=016  7\$aCAT10504982$2DNAL
=035  \\$a416985
=035  \\$a(OCoLC)03863154
=035  \\$a(DNAL)416985-naldb-Voyager
=040  \\$aDLC$beng$cTLM$dOCL$dOCLCQ$dAGL$dOCLCE$dKRTAS$dOCLCF$dOCLCQ$dOCLCO
=049  \\$aRQIA
=050  \0$aSF487$b.W9
=070  0\$a47$bW862H
=072  \0$aL100
=072  \0$aL840
=100  1\$aWoods, Prince Tannat,$d1870-
=245  10$aHow to raise chicks,$bincluding revision of facts about white diarrhoea,$cby Prince T. Woods.
=260  \\$aChicago, Ill.,$bAmerican poultry journal Pub. Co.,$c1912.
=300  \\$a2 preliminary leaves, 7-123 pages including frontispiece, illustrations$c21 cm
=336  \\$atext$btxt$2rdacontent
=337  \\$aunmediated$bn$2rdamedia
=338  \\$avolume$bnc$2rdacarrier
=591  \\$bNAL Reclamation
=593  \\$fAgricola CAT
=650  \0$aPoultry.$0http://id.loc.gov/authorities/subjects/sh85105892
=655  \3$aInternet resource.
=776  08$iOnline version:$aWoods, Prince Tannat, 1870-$tHow to raise chicks.$dChicago, Ill., American poultry journal Pub. Co., 1912$w(OCoLC)441942082
=856  41$uhttps://archive.org/details/howtoraisechicks00wood_0
=912  \\$analcatalog
=930  \\$a20160525$b20160603$c00000000
=938  \\$aKirtas Technologies, Inc.$bKRTS$n677091
=939  \\$a20140702$b20140807$c00000000
=945  \\$aDigiMet
=945  \\$p132
=946  \\$aOther US
=994  \\$a92$bAGL

