=LDR  01769cam a2200445Ia 4500
=001  9915535894407426
=005  20240624184214.0
=008  920620s1909\\\\pauc\\\\\5\\\\000\0\eng\\
=016  7\$aCAT10509558$2DNAL
=035  \\$a416923
=035  \\$a(OCoLC)15600160
=035  \\$a(DNAL)416923-naldb-Voyager
=040  \\$aTRN$beng$cTRN$dAGL$dOCLCQ$dOCLCF
=049  \\$aAGLL
=050  \0$aSF487$b.W773
=070  0\$aSF487$b.W57 1909
=100  1\$aWittman, W. Theodore$q(William Theodore),$d1868-
=245  10$aTwelve months work in the poultry yard :$ba short, boiled-down and up-to-date treatise on practical poultry keeping for busy people /$cby W. Theodore Wittman.
=246  30$aPractical poultry keeping for busy people
=260  \\$aSellersville, Pa. :$bPublished by Item Pub. Co.,$c1909.
=300  \\$a47 pages :$bportrait ;$c17 cm
=336  \\$atext$btxt$2rdacontent
=337  \\$aunmediated$bn$2rdamedia
=338  \\$avolume$bnc$2rdacarrier
=590  \\$aRare and Special Collections' copy is part of the James M. Gwin Poultry Book Collection.
=591  \\$bNAL Reclamation
=593  \\$fAgricola CAT
=650  \0$aPoultry farms$xManagement.
=650  \0$aPoultry farms$xManagement$vCalendars.
=655  \3$aInternet resource.
=655  \7$aCalendars.$2fast$0(OCoLC)fst01423764
=776  08$iOnline version:$aWittman, William Theodore, 1868-$tTwelve months work in the poultry yard.$dSellersville, Pa., Item Pub. Co., 1909$w(OCoLC)692066122
=856  41$uhttps://archive.org/details/twelvemonthswork00witt
=912  \\$analcatalog
=930  \\$a20160601$b20160603$c00000000
=939  \\$a20140702$b20140807$c00000000
=939  \\$a20110816$b20110902$c00000000
=945  \\$aDigiMet
=945  \\$p56
=946  \\$aOther US
=958  \\$be$c2011-08-16$dn$emlydon
=994  \\$a92$bAGL

