=LDR  01697cam a2200421I  4500
=001  9915536003307426
=005  20240620130818.0
=008  920621s1908\\\\mau\\\\\\\\\\\000\0\eng\\
=010  \\$aagr08001027 
=016  7\$aCAT10518593$2DNAL
=035  \\$a416414
=035  \\$a(OCoLC)18820010
=035  \\$a(DNAL)416414-naldb-Voyager
=040  \\$aDLC$beng$cRQI$dOCLCQ$dAGL$dKRTAS$dOCLCO$dOCLCF$dOCLCQ
=049  \\$aRQIA
=070  0\$a47$bW862
=072  \0$aL500
=072  \0$aL800
=100  1\$aWoods, Prince Tannat.
=245  14$aThe poultryman's formulary;$breliable, successful, tested recipes for ready-mixed grain foods. How to prepare balanced rations for poultry, young or old. Formulae of useful remedies, condition powders, lice-killing mixtures, roup cure, egg foods, tonics, whitewash for spraying, etc.
=260  \\$aMiddleton, Mass.,$bP.T. Woods,$c1908.
=300  \\$a48 pages$c21 cm
=336  \\$atext$btxt$2rdacontent
=337  \\$aunmediated$bn$2rdamedia
=338  \\$avolume$bnc$2rdacarrier
=591  \\$bNAL Reclamation
=593  \\$fAgricola CAT
=650  \0$aPoultry$xFeeding and feeds.$0http://id.loc.gov/authorities/subjects/sh85105899
=650  \0$aPoultry$xDiseases.$0http://id.loc.gov/authorities/subjects/sh85105896
=655  \3$aInternet resource.
=776  08$iOnline version:$aWoods, Prince Tannat.$tPoultryman's formulary.$dMiddleton, Mass., P.T. Woods, 1908$w(OCoLC)809475747
=856  41$uhttps://archive.org/details/poultrymansformu00wood
=912  \\$analcatalog
=930  \\$a20160525$b20160603$c00000000
=938  \\$aKirtas Technologies, Inc.$bKRTS$n158331
=939  \\$a20140702$b20140807$c00000000
=945  \\$aDigiMet
=945  \\$p56
=946  \\$aOther US
=994  \\$a92$bAGL

