=LDR  01552cas a2200409M  4500
=001  9915536937407426
=005  20240621223237.0
=008  001003d194619uudcuuu\\\\\\\\f0\\\\0eng\d
=016  7\$aCAT11084196$2DNAL
=035  \\$a852367
=035  \\$a(OCoLC)1288977228
=035  \\$a(DNAL)852367-naldb-Voyager
=040  \\$aAGL$beng$cAGL
=049  \\$aRQIC
=070  0\$a1.943$bF117
=110  1\$aUnited States.$bOffice of Foreign Agricultural Relations.
=245  10$aFD.
=246  1\$iFD stands for:$aForeign dairy reports
=246  1\$iTitle varies, 1946, no. 1-1962, no. 1, Sept. 16, 1946-May 1962:$aForeign agriculture circular ... FD
=246  1\$iTitle varies, 1962, no. 2-4-69 May 1962-Aug. 1969:$aForeign agriculture circular.$pDairying.$pFD
=246  30$aDairying
=246  30$aFD
=260  \\$aWashington.
=362  0\$a1-4-69. Mar. 18, 1946-Aug. 1969.
=362  1\$aCeased.
=550  \\$aIssuing office varies: 1953, no. 1-4-69 Apr. 6, 1953-Aug. 1969. U.S. Foreign Agricultural Service.
=580  \\$aContinued by: U.S. Foreign Agricultural Service. Foreign agriculture circular. Dairy. FD.
=591  \\$bNAL Reclamation
=593  \\$fAgricola CAT
=655  \3$aInternet resource.
=710  1\$aUnited States.$bForeign Agricultural Service.
=785  00$aUnited States. Foreign Agricultural Service.$tForeign agriculture circular. Dairy. FD
=856  41$uhttps://archive.org/details/usda-foreignagriculturecircularsugar
=912  \\$analcatalog
=930  \\$a20140812$b00000000$c00000000
=945  \\$aDigiMet
=945  \\$vpt. 1
=945  \\$p26
=945  \\$aDigiMet
=945  \\$vpt. 2
=945  \\$p28
=945  \\$aDigiMet
=945  \\$vpt. 3
=945  \\$p10
=945  \\$aDigiMet
=945  \\$vpt. 4
=945  \\$p36
=945  \\$aDigiMet
=945  \\$vpt. 5
=945  \\$p138
=945  \\$aDigiMet
=945  \\$vpt. 6
=945  \\$p86
=945  \\$aDigiMet
=945  \\$vpt. 7
=945  \\$p130
=945  \\$aDigiMet
=945  \\$vpt. 8
=945  \\$p156
=945  \\$aDigiMet
=945  \\$vpt. 9
=945  \\$p144
=945  \\$aDigiMet
=945  \\$vpt. 10
=945  \\$p146
=945  \\$aDigiMet
=945  \\$vpt. 11
=945  \\$p142
=945  \\$aDigiMet
=945  \\$vpt. 12
=945  \\$p136
=945  \\$aDigiMet
=945  \\$vpt. 13
=945  \\$p134
=945  \\$aDigiMet
=945  \\$vpt. 14
=945  \\$p140
=945  \\$aDigiMet
=945  \\$vpt. 15
=945  \\$p106
=945  \\$aDigiMet
=945  \\$vpt. 16
=945  \\$p80
=945  \\$aDigiMet
=945  \\$vpt. 17
=945  \\$p74
=945  \\$aDigiMet
=945  \\$vpt. 18
=945  \\$p108
=945  \\$aDigiMet
=945  \\$vpt. 19
=945  \\$p78
=945  \\$aDigiMet
=945  \\$vpt. 20
=945  \\$p72
=945  \\$aDigiMet
=945  \\$vpt. 21
=945  \\$p60
=945  \\$aDigiMet
=945  \\$vpt. 22
=945  \\$p52
=945  \\$aDigiMet
=945  \\$vpt. 23
=945  \\$p56
=945  \\$aDigiMet
=945  \\$vpt. 24
=945  \\$p44
=945  \\$aDigiMet
=945  \\$vpt. 25
=945  \\$p36
=945  \\$aDigiMet
=945  \\$vpt. 26
=945  \\$p40
=945  \\$aDigiMet
=945  \\$vpt. 27
=945  \\$p20
=945  \\$aDigiMet
=945  \\$vpt. 28
=945  \\$p34
=945  \\$aDigiMet
=945  \\$vpt. 29
=945  \\$p62
=945  \\$aDigiMet
=945  \\$vpt. 30
=945  \\$p104
=945  \\$aDigiMet
=945  \\$vpt. 31
=945  \\$p96
=945  \\$aDigiMet
=945  \\$vpt. 32
=945  \\$p66
=945  \\$aDigiMet
=945  \\$vpt. 33
=945  \\$p68
=945  \\$aDigiMet
=945  \\$vpt. 34
=945  \\$p60
=945  \\$aDigiMet
=945  \\$vpt. 35
=945  \\$p116
=945  \\$aDigiMet
=945  \\$vpt. 36
=945  \\$p92
=945  \\$aDigiMet
=945  \\$vpt. 37
=945  \\$p40
=945  \\$aDigiMet
=945  \\$vpt. 38
=945  \\$p32
=945  \\$aDigiMet
=945  \\$vpt. 39
=945  \\$p72
=946  \\$aUSDA
=994  \\$a92$bAGL

