=LDR  01929cas a2200529   4500
=001  9915536950307426
=005  20240624191649.0
=008  001003d194u1953dcuuu\p\\\\\\f0\\\a0eng\\
=010  \\$a   46026590 
=012  \\$a3$cx$en
=016  7\$aCAT11084255$2DNAL
=022  0\$a0190-3136$l0190-3136$21
=035  \\$a852420
=035  \\$a(OCoLC)03318460
=035  \\$a(DNAL)852420-naldb-Voyager
=040  \\$aDLC$beng$cDLC$dNSD$dOCLCQ$dOCLCO$dOCLCF$dOCLCO$dOCLCA$dOCLCQ$dCOD$dAGL
=042  \\$apcc$ansdp
=049  \\$aRQIC
=050  00$aHD9000.4$b.U485
=070  0\$a1.943$bW893
=110  1\$aUnited States.$bOffice of Foreign Agricultural Relations.$0http://id.loc.gov/authorities/names/n85271417
=222  \0$aWorld food situation
=245  10$aWorld food situation.
=260  \\$aWashington,$bU.S. Dept. of Agriculture, Office of Foreign Agricultural Relations.
=300  \\$avolumes$billustrations$c27 cm.
=336  \\$atext$btxt$2rdacontent
=337  \\$aunmediated$bn$2rdamedia
=338  \\$avolume$bnc$2rdacarrier
=362  1\$aCeased in 1953.
=490  1\$aForeign agriculture circular
=591  \\$bNAL Reclamation
=593  \\$fAgricola CAT
=650  \0$aFood supply$vPeriodicals.
=650  \3$afood availability.
=655  \3$aInternet resource.
=655  \7$aPeriodicals.$2fast$0(OCoLC)fst01411641
=760  0\$tForeign agriculture circular
=776  08$iOnline version:$aUnited States. Office of Foreign Agricultural Relations.$tWorld food situation$w(OCoLC)1129134135
=785  00$tWorld agricultural situation (Washington, D.C. : 1954)$x0084-1358$w(DLC)   55061136$w(OCoLC)1190771
=830  \0$aForeign agriculture circular.
=856  41$uhttps://archive.org/details/usda-foreignagriculturecircularsugar
=912  \\$analcatalog
=930  \\$a20191204$b20200106$c00000000
=936  \\$a1946 (surrogate)
=945  \\$aDigiMet
=945  \\$vpt. 1
=945  \\$p88
=945  \\$aDigiMet
=945  \\$vpt. 2
=945  \\$p232
=946  \\$aUSDA
=959  \\$c2014-10-03$essouder$gurl
=994  \\$a92$bAGL

