=LDR  01470cam a2200409I  4500
=001  9915537024607426
=005  20240620131957.0
=008  910815s1885\\\\dcua\\\\\\\\\\000\0\eng\d
=016  7\$aCAT10502179$2DNAL
=035  \\$a520088
=035  \\$a(OCoLC)01040684
=035  \\$a(DNAL)520088-naldb-Voyager
=040  \\$aDLM$beng$cDLM$dOCLCQ$dAGL$dKRTAS$dOCLCQ$dFYM$dOCLCF$dOCLCO$dOCLCQ$dVPI$dCOF$dOCLCQ
=049  00$aRQIA
=050  \0$aSB608.O6$bH83
=070  0\$a423$bH86I
=072  \0$aF821
=072  \0$aL001
=086  0\$aA 9.2:Or 1
=100  1\$aHubbard, H. G.$q(Henry Guernsey),$d1850-1899.$0http://id.loc.gov/authorities/names/no2010007537
=245  10$aInsects affecting the orange.
=260  \\$aWashington,$bG.P.O.,$c1885.
=300  \\$a227 pages$billustrations$c24 cm
=336  \\$atext$btxt$2rdacontent
=337  \\$aunmediated$bn$2rdamedia
=338  \\$avolume$bnc$2rdacarrier
=591  \\$bNAL Reclamation
=593  \\$fAgricola CAT
=650  \0$aOranges$xDiseases and pests.$0http://id.loc.gov/authorities/subjects/sh85095258
=655  \3$aInternet resource.
=776  08$iOnline version:$aHubbard, H.G. (Henry Guernsey), 1850-1899.$tInsects affecting the orange.$dWashington, G.P.O., 1885$w(OCoLC)613222456
=856  41$uhttps://archive.org/details/insectsaffecting00hubb_0
=912  \\$analcatalog
=930  \\$a20140702$b20140807$c00000000
=938  \\$aKirtas Technologies, Inc.$bKRTS$n669847
=945  \\$aDigiMet
=945  \\$p272
=946  \\$aOther US
=994  \\$a92$bAGL

