=LDR  01630cas a2200373M  4500
=001  9915537097707426
=005  20240621223228.0
=008  001003d19uu19uudcuuu\\\\\\\\f0\\\\0eng\d
=016  7\$aCAT11084247$2DNAL
=035  \\$a852413
=035  \\$a(OCoLC)1289053042
=035  \\$a(DNAL)852413-naldb-Voyager
=040  \\$aAGL$beng$cAGL
=049  \\$aRQIC
=070  0\$a1.9$bEc752T
=110  1\$aUnited States.$bBureau of Agricultural Economics.
=245  10$aTariff rates on representative agricultural products under Tariff act of ...
=246  1\$iTitle varies, June 1931:$aTariff rates on representative agricultural products under Tariff acts of ... and ...
=246  1\$iTitle varies, July 1934:$aTariff rates on agricultural products under Tariff acts of ... and ...
=246  1\$iTitle varies, July 1936-July 1941:$aTariff rates on principal agricultural products
=246  1\$iTitle varies, Aug. 1946-May 1951:$aUnited States tariff rates on agricultural products
=260  \\$aWashington, D.C.
=300  \\$av.$c27 cm.
=362  1\$aCeased.
=580  \\$aSuperseded by U.S. Foreign Agricultural Service. U.S. import duties on agricultural products, issued as U.S. Department of Agriculture. Agriculture handbook no.143- (1 Ag84Ah).
=591  \\$bNAL Reclamation
=593  \\$fAgricola CAT
=655  \3$aInternet resource.
=785  00$aUnited States. Foriegn Agricultural Service.$tU.S. import duties on agricultural products
=856  41$uhttps://archive.org/details/usda-tariffratesagriculturalproducts
=912  \\$analcatalog
=930  \\$a20140505$b00000000$c00000000
=945  \\$aDigiMet
=945  \\$p78
=945  \\$aDigiMet
=945  \\$p104
=945  \\$aDigiMet
=945  \\$p98
=945  \\$aDigiMet
=945  \\$p160
=945  \\$aDigiMet
=945  \\$p96
=945  \\$aDigiMet
=945  \\$p144
=945  \\$aDigiMet
=945  \\$p50
=945  \\$aDigiMet
=945  \\$p18
=946  \\$aUSDA
=994  \\$a92$bAGL

