=LDR  01673cam a2200493Ia 4500
=001  9915537636807426
=005  20240624191731.0
=008  900615s1932\\\\akua\\\\\\\\\f000\0\eng\c
=010  \\$aagr32000619 
=016  7\$aCAT10396415$2DNAL
=035  \\$a467588
=035  \\$a(OCoLC)04262879
=035  \\$a(DNAL)467588-naldb-Voyager
=040  \\$aLibrary, U.S. Dept. of Agriculture$beng$cIXA$dIXA$dAGL$dOCLCQ$dMTG$dFUG$dOCLCF$dOCLCQ$dVA@$dOCLCA$dOCLCQ
=043  \\$an-us-ak
=049  \\$aAGLY
=050  10$aS33$b.E2 no.10
=070  0\$a100$bAl122b no.10
=072  \0$aF120
=086  0\$aA 10.10/3:10
=100  1\$aHiggins, Floyd Linville,$d1900-
=245  10$aOat production in Alaska /$cby F.L. Higgins.
=260  \\$aSitka :$bAlaska Agricultural Experiment Stations,$c1932.
=300  \\$a18 pages :$billustrations ;$c24 cm
=336  \\$atext$btxt$2rdacontent
=337  \\$aunmediated$bn$2rdamedia
=338  \\$avolume$bnc$2rdacarrier
=490  1\$aBulletin / Alaska Agricultural Experiment Stations ;$vno. 10
=591  \\$bNAL Reclamation
=593  \\$fAgricola CAT
=650  \0$aOats$zAlaska.
=651  \7$aAlaska.$2fast$0(OCoLC)fst01204480
=655  \3$aInternet resource.
=830  \0$aBulletin (Alaska Agricultural Experiment Stations (U.S.)) ;$vno. 10.
=841  \\$ax   $b9006070u    0   4   uu   1900607$ez
=852  \\$aDNAL$i100 Al122b no.10
=856  41$uhttps://archive.org/details/oatproductionina10higg
=912  \\$analcatalog
=930  \\$a20140702$b20140807$c00000000
=939  \\$a20130417$b20130503$c00000000
=945  \\$aUIU
=945  \\$p26
=945  \\$aDigiMet
=946  \\$aState Experiment Station
=959  \\$c2013-04-17$essouder$gde
=994  \\$a92$bAGL

