=LDR  02319cam a2200601Ia 4500
=001  9915537735307426
=005  20240620103308.0
=008  900614s1965\\\\dcuab\\\\bs\\f001\0\eng\d
=010  \\$aagr65000121 
=016  7\$aCAT10396393$2DNAL
=019  \\$a976690569$a979604540$a979942986
=035  \\$a467586
=035  \\$a(OCoLC)00754164$z(OCoLC)976690569$z(OCoLC)979604540$z(OCoLC)979942986
=035  \\$a(DNAL)467586-naldb-Voyager
=035  \\$z(OCoLC)976690569$z(OCoLC)979604540$z(OCoLC)979942986
=040  \\$aCOO$beng$cCOO$dAGL$dUDI$dOCL$dOCLCQ$dSPI$dMTG$dOCLCQ$dOCLCF$dOCLCQ$dOCLCO$dCNUTO$dCSF$dSFR$dGILDS$dOCLCO$dVA@$dBOH$dWURST$dOCLCQ
=043  \\$an-us---
=049  \\$aAGLL
=050  10$aSD11$b.A4546 no. 17
=070  0\$a1$bF76Frr no.17
=072  \0$aK510
=072  \0$aX100
=074  \\$a0083
=086  0\$aA 13.50:17
=245  00$aTimber trends in the United States.
=260  \\$aWashington, D.C. :$bForest Service, U.S. Dept. of Agriculture,$c[1965]
=300  \\$aviii, 235 pages :$billustrations, maps ;$c27 cm
=336  \\$atext$btxt$2rdacontent
=337  \\$aunmediated$bn$2rdamedia
=338  \\$avolume$bnc$2rdacarrier
=490  1\$aForest resource report ;$vno. 17
=504  \\$aIncludes bibliographical references and index.
=583  \\$acommitment to retain$c20151204$2pda$5OTUTLD
=591  \\$bNAL Reclamation
=593  \\$fAgricola CAT
=650  \0$aTimber$zUnited States$vStatistics.
=650  \0$aForest products industry$zUnited States$vStatistics.
=650  \0$aLumber trade$zUnited States$vStatistics.
=650  \0$aForests and forestry$zUnited States$vStatistics.
=651  \7$aUnited States.$2fast$0(OCoLC)fst01204155
=655  \3$aInternet resource.
=655  \7$aStatistics.$2fast$0(OCoLC)fst01423727
=655  \7$aStatistics.$2lcgft$0http://id.loc.gov/authorities/genreForms/gf2014026181
=710  1\$aUnited States.$bForest Service.$0http://id.loc.gov/authorities/names/n79054932
=830  \0$aForest resource report ;$vno. 17.
=841  \\$ax   $b9006070u    0   4   uu   1900607$ez
=852  \\$aDNAL$i1 F76Frr no.17
=856  41$uhttps://archive.org/details/timbertrendsinun17unit
=912  \\$analcatalog
=930  \\$a20140305$b20140404$c00000000
=945  \\$dEAN$e90/03/27$fAR$g90/04/05$n1
=945  \\$p250
=945  \\$aDigiMet
=946  \\$aUSDA
=994  \\$a92$bAGL

