=LDR  02352cam a2200553Ia 4500
=001  9915537786807426
=005  20240620103317.0
=008  900627s1989\\\\utua\\\\\bs\\f000\0\eng\\
=016  7\$aCAT10398163$2DNAL
=035  \\$a467363
=035  \\$a(OCoLC)21352314
=035  \\$a(DNAL)467363-naldb-Voyager
=040  \\$aAGL$beng$cAGL$dGPO$dOCL$dOCLCO$dOCLCF$dOCLCQ$dCOD$dOCLCA$dUOK$dOCLCA$dAGL
=043  \\$an-us-az
=049  \\$aAGLL
=050  \0$aSD428.A7$bC64 1989
=070  0\$aA99.9$bF764Ub no.66
=072  \0$aK250
=074  \\$a83-B-5 (MF)
=086  0\$aA 13.80:INT-66
=100  1\$aCollins, Dennis C.$0http://id.loc.gov/authorities/names/n88219841
=245  10$aTimberland and woodland resources outside national forests in Arizona, 1985 /$cDennis C. Collins.
=260  \\$aOgden, UT (324 25th Street, Ogden 84401) :$bU.S. Dept. of Agriculture, Forest Service, Intermountain Research Station,$c[1989]
=300  \\$a61 pages :$billustrations ;$c28 cm.
=336  \\$atext$btxt$2rdacontent
=337  \\$aunmediated$bn$2rdamedia
=338  \\$avolume$bnc$2rdacarrier
=490  1\$aResource bulletin INT ;$v66
=504  \\$aIncludes bibliographical references (page 14).
=591  \\$bNAL Reclamation
=593  \\$fAgricola CAT
=650  \0$aForests and forestry$zArizona$vStatistics.
=650  \0$aForests and forestry$zArizona$xMeasurement.
=650  \0$aTimber$zArizona$vStatistics.
=651  \7$aArizona.$2fast$0(OCoLC)fst01204820
=655  \3$aInternet resource.
=655  \7$aStatistics.$2fast$0(OCoLC)fst01423727
=710  1\$aUnited States.$bDepartment of Agriculture.
=710  2\$aIntermountain Research Station (Ogden, Utah)$0http://id.loc.gov/authorities/names/n85066590
=776  08$iOnline version:$aCollins, Dennis C.$tTimberland and woodland resources outside national forests in Arizona, 1985.$dOgden, UT (324 25th Street, Ogden 84401) : U.S. Dept. of Agriculture, Forest Service, Intermountain Research Station, [1989]$w(OCoLC)624315283
=830  \0$aResource bulletin INT ;$v66.
=841  \\$ax   $b9006070u    0   4   uu   1900607$ez
=852  \\$aDNAL$iA99.9 F764Ub no.66
=856  41$uhttps://archive.org/details/timberlandwoodla66coll
=912  \\$analcatalog
=930  \\$a20140603$b20140704$c00000000
=945  \\$dLRN$e90/03/22$fKAS$g90/03/28$n1
=945  \\$p72
=945  \\$aDigiMet
=946  \\$aUSDA
=994  \\$a92$bAGL

