=LDR  02201cam a2200577Ia 4500
=001  9915537912207426
=005  20240624191823.0
=008  910112s1952\\\\dcuabf\\\b\\\f000\0\eng\\
=010  \\$aagr52000539 
=016  7\$aCAT10411346$2DNAL
=035  \\$a467818
=035  \\$a(OCoLC)04138357
=035  \\$a(DNAL)467818-naldb-Voyager
=040  \\$aDLC$beng$cEXO$dEXO$dAGL$dOCL$dUDI$dOCLCQ$dIUL$dSPI$dOCLCQ$dOCLCF$dOCLCQ$dOCLCO$dVA@$dOCLCA$dINT$dJG0$dOCLCQ$dWURST
=043  \\$an-us-mt
=049  \\$aAGLL
=050  \0$aSD11$b.A4546 no.5
=070  0\$a1$bF76Frr no.5
=072  \0$aK100
=072  \0$aK200
=086  0\$aA 13.50:5
=100  1\$aHutchison, Samuel Blair,$d1910-
=245  10$aForest resources of Montana /$cS. Blair Hutchison and Paul D. Kemp.
=260  \\$aWashington, D.C. :$bForest Service, U.S. Dept. of Agriculture,$c1952.
=300  \\$aiii, 76 pages, [1] folded leaf of plates :$billustrations, maps (1 color) ;$c26 cm.
=336  \\$atext$btxt$2rdacontent
=337  \\$aunmediated$bn$2rdamedia
=338  \\$avolume$bnc$2rdacarrier
=490  1\$aForest resource report ;$vno. 5
=504  \\$aIncludes bibliographical references (page 55).
=591  \\$bNAL Reclamation
=593  \\$fAgricola CAT
=650  \0$aForest surveys$zMontana.
=650  \0$aForests and forestry$zMontana.
=650  \0$aForest products industry$zMontana.
=651  \7$aMontana.$2fast$0(OCoLC)fst01207555
=655  \3$aInternet resource.
=700  1\$aKemp, Paul D.
=710  1\$aUnited States.$bForest Service.$0http://id.loc.gov/authorities/names/n79054932
=776  08$iOnline version:$aHutchison, Samuel Blair, 1910-$tForest resources of Montana.$dWashington, D.C. : Forest Service, U.S. Dept. of Agriculture, 1952$w(OCoLC)631758402
=830  \0$aForest resource report ;$vno. 5.
=841  \\$ax   $b9008130u    0   4   uu   1900813$ez
=852  \\$aDNAL$i1 F76Frr no.5
=856  41$uhttps://archive.org/details/forestresourceso05hutc
=912  \\$analcatalog
=930  \\$a20140305$b20140404$c00000000
=939  \\$a20130417$b20130503$c00000000
=945  \\$dSAM$e90/03/30$fGBP$g90/04/06
=945  \\$p90
=945  \\$aDigiMet
=946  \\$aUSDA
=959  \\$c2013-04-17$essouder$gde
=994  \\$a92$bAGL

