=LDR  01650cam a2200481 a 4500
=001  9915537929007426
=005  20240620103353.0
=008  900627s1975\\\\dcub\\\\\\\\\f000\0\eng\\
=016  7\$aCAT10398170$2DNAL
=035  \\$a467370
=035  \\$a(OCoLC)21353726
=035  \\$a(DNAL)467370-naldb-Voyager
=040  \\$aAGL$beng$cAGL$dOCLCQ$dFUG$dOCLCF$dOCLCQ$dOKS$dOCLCQ$dAGL
=043  \\$an-us---
=049  \\$aAGLL
=070  0\$aA280.39$bM34Am no.559 1975
=072  \0$aE700
=072  \0$aQ001
=086  0\$aA 88.40:559/975
=245  00$aQuestions and answers on Federal milk marketing orders.
=246  3\$aFederal milk marketing orders
=250  \\$aRev. March 1975.
=260  \\$a[Washington, D.C.] :$bU.S. Dept. of Agriculture, Agricultural Marketing Service,$c[1975]
=300  \\$a27 pages :$b1 map ;$c24 cm
=336  \\$atext$btxt$2rdacontent
=337  \\$aunmediated$bn$2rdamedia
=338  \\$avolume$bnc$2rdacarrier
=490  1\$aAMS ;$v559
=591  \\$bNAL Reclamation
=593  \\$fAgricola CAT
=650  \0$aMilk trade$zUnited States.
=651  \7$aUnited States.$2fast$0(OCoLC)fst01204155
=655  \3$aInternet resource.
=710  1\$aUnited States.$bAgricultural Marketing Service.$0http://id.loc.gov/authorities/names/n79108924
=830  \0$aAMS (Washington, D.C. : 1954) ;$vno. 559.
=841  \\$ax   $b9006070u    0   4   uu   1900607$ez
=852  \\$aDNAL$iA280.39 M34Am no.559 1975
=856  41$uhttps://archive.org/details/questionsanswers55unit_0
=912  \\$analcatalog
=930  \\$a20140305$b20140404$c00000000
=945  \\$dSS$e90/04/10$fSS$g90/04/10$n1
=945  \\$p36
=945  \\$aDigiMet
=946  \\$aUSDA
=994  \\$a92$bAGL

