=LDR  01614cas a2200445Ia 4500
=001  9915537968607426
=005  20240624191821.0
=008  001121d19131915dcuuu\p\\\\\\f0\\\a0eng\\
=016  7\$aCAT11089003$2DNAL
=035  \\$a844556
=035  \\$a(OCoLC)12602023
=035  \\$a(DNAL)844556-naldb-Voyager
=040  \\$aAUM$beng$cAUM$dMFM$dOCL$dOCLCQ$dOCLCF$dAGL$dCUY$dOCLCQ
=049  \\$aAGLL
=050  \0$aS560$b.F3
=070  0\$a1.9$bP6919
=245  00$aFarm management monthly.
=260  \\$aWashington :$b[U.S. Dept. of Agriculture, Bureau of Plant Industry, Office of Farm management],$c[1913]-1915.
=300  \\$a3 volumes ;$c28 cm
=336  \\$atext$btxt$2rdacontent
=337  \\$aunmediated$bn$2rdamedia
=338  \\$avolume$bnc$2rdacarrier
=362  0\$aVol. 1, no. 1 (Aug. 1913)-v. 3 no. 5 (May 1915).
=550  \\$aIssued by the U.S. Office of Farm Management.
=591  \\$bNAL Reclamation
=593  \\$fAgricola CAT
=650  \0$aFarm management$vPeriodicals.
=655  \3$aInternet resource.
=655  \7$aPeriodicals.$2fast$0(OCoLC)fst01411641
=710  1\$aUnited States.$bOffice of Farm Management,$eissuing body.$0http://id.loc.gov/authorities/names/n88295243
=776  08$iOnline version:$tFarm management monthly$w(OCoLC)876621847
=856  41$uhttps://archive.org/details/usda-farmmanagementmonthly
=912  \\$analcatalog
=930  \\$a20141110$b20141205$c00000000
=939  \\$a20140710$b20140807$c00000000
=945  \\$aDigiMet
=945  \\$vpt. 1
=945  \\$p94
=945  \\$aDigiMet
=945  \\$vpt. 2
=945  \\$p252
=945  \\$aDigiMet
=945  \\$vpt. 3
=945  \\$p56
=945  \\$aDigiMet
=945  \\$vpt. 4
=945  \\$p28
=946  \\$aUSDA
=958  \\$be$c2014-11-10$dn$emlydon
=959  \\$c2014-10-03$essouder$gurl
=959  \\$c2014-07-10$edfriedma$gsubjadd
=994  \\$a92$bAGL

