=LDR  00965cas a2200325M  4500
=001  9915537970607426
=005  20240621223308.0
=008  001205d196219uudcuuu\\\\\\\\f0\\\\0eng\d
=016  7\$aCAT11090755$2DNAL
=035  \\$a844099
=035  \\$a(OCoLC)1289011748
=035  \\$a(DNAL)844099-naldb-Voyager
=040  \\$aAGL$beng$cAGL
=049  \\$aRQIC
=070  0\$a1.943$bF112
=110  1\$aUnited States.$bForeign Agricultural Service.
=245  10$aForeign agricultural circular.$pFDF.
=246  1\$iTitle varies, 1962-no. 2, Mar. 1962:$aForeign agricultural circular.$pRaisins.$pFDF
=246  30$aRaisins
=246  30$aFDF
=260  \\$aWashington.
=362  0\$aNo. 1- Feb. 1962-
=591  \\$bNAL Reclamation
=593  \\$fAgricola CAT
=655  \3$aInternet resource.
=856  41$uhttps://archive.org/details/usda-foreignagriculturecircularsugar
=912  \\$analcatalog
=930  \\$a20140812$b00000000$c00000000
=945  \\$aDigiMet
=945  \\$vpt. 1
=945  \\$p6
=945  \\$aDigiMet
=945  \\$vpt. 2
=945  \\$p20
=945  \\$aDigiMet
=945  \\$vpt. 3
=945  \\$p12
=945  \\$aDigiMet
=945  \\$vpt. 4
=945  \\$p124
=945  \\$aDigiMet
=945  \\$vpt. 5
=945  \\$p16
=945  \\$aDigiMet
=945  \\$vpt. 6
=945  \\$p16
=945  \\$aDigiMet
=945  \\$vpt. 7
=945  \\$p16
=945  \\$aDigiMet
=945  \\$vpt. 8
=945  \\$p16
=945  \\$aDigiMet
=945  \\$vpt. 9
=945  \\$p24
=946  \\$aUSDA
=994  \\$a92$bAGL

