=LDR  02300cas a2200529Ma 4500
=001  9915537978207426
=005  20240624191816.0
=008  001121d19uu19uudcuuu\p\\\\\\f0\\\\0eng\d
=016  7\$aCAT11088991$2DNAL
=035  \\$a844636
=035  \\$a(OCoLC)01780444
=035  \\$a(DNAL)844636-naldb-Voyager
=040  \\$aMUL$beng$cMUL$dOCL$dMUM$dAGL$dOCLCO$dOCLCF$dOCLCQ
=043  \\$an-us---
=049  \\$aAGLL
=070  0\$a1.9$bP6917
=086  0\$aA
=245  00$aCereal courier :$bofficial messenger of ...
=260  \\$a[Washington, D.C.] :$b[U.S. Dept. of Agriculture, Bureau of Plant Industry, Office of Cereal Investigations]
=300  \\$avolumes ;$c28 cm
=336  \\$atext$btxt$2rdacontent
=337  \\$aunmediated$bn$2rdamedia
=338  \\$avolume$bnc$2rdacarrier
=362  1\$aBegan in 1909?
=550  \\$aVolumes for <1929> issued by Office of Cereal Crops and Diseases, Bureau of Plant Industry, U.S. Dept. of Agriculture; <1931> by Division of Cereal Crops and Diseases, Bureau of Plant Industry, U.S. Dept. of Agriculture.
=588  0\$aVol. 14, no. 19 (Aug. 31, 1922); title from caption.
=588  1\$aVol. 23, no. 28 (Dec. 10, 1931).
=591  \\$bNAL Reclamation
=593  \\$fAgricola CAT
=610  10$aUnited States.$bOffice of Cereal Investigations$vPeriodicals.
=610  10$aUnited States.$bOffice of Cereal Crops and Diseases$vPeriodicals.
=610  10$aUnited States.$bDivision of Cereal Crops and Diseases$vPeriodicals.
=650  \0$aGrain$xDiseases and pests$zUnited States$vPeriodicals.
=651  \7$aUnited States.$2fast$0(OCoLC)fst01204155
=655  \3$aInternet resource.
=655  \7$aPeriodicals.$2fast$0(OCoLC)fst01411641
=710  1\$aUnited States.$bOffice of Cereal Investigations.
=710  1\$aUnited States.$bOffice of Cereal Crops and Diseases.
=710  1\$aUnited States.$bDivision of Cereal Crops and Diseases.$0http://id.loc.gov/authorities/names/n82112606
=776  08$iOnline version:$aUnited States. Bureau of Plant Industry.$tCereal courier$w(OCoLC)689908651
=856  41$uhttps://archive.org/details/usda-cerealcourier
=912  \\$analcatalog
=930  \\$a20140812$b20140905$c00000000
=939  \\$a20140331$b20140404$c00000000
=945  \\$aDigiMet
=945  \\$vpt. 1
=945  \\$p188
=945  \\$aDigiMet
=945  \\$vpt. 2
=945  \\$p480
=945  \\$aDigiMet
=945  \\$vpt. 3
=945  \\$p566
=945  \\$aDigiMet
=945  \\$vpt. 4
=945  \\$p486
=945  \\$aDigiMet
=945  \\$vpt. 5
=945  \\$p530
=945  \\$aDigiMet
=945  \\$vpt. 6
=945  \\$p358
=945  \\$aDigiMet
=945  \\$vpt. 7
=945  \\$p342
=945  \\$aDigiMet
=945  \\$vpt. 8
=945  \\$p634
=945  \\$aDigiMet
=945  \\$vpt. 9
=945  \\$p822
=945  \\$aDigiMet
=945  \\$vpt. 10
=945  \\$p633
=945  \\$aDigiMet
=945  \\$vpt. 11
=945  \\$p830
=945  \\$aDigiMet
=945  \\$vpt. 12
=945  \\$p694
=945  \\$aDigiMet
=945  \\$vpt. 13
=945  \\$p408
=945  \\$aDigiMet
=945  \\$vpt. 14
=945  \\$p472
=945  \\$aDigiMet
=945  \\$vpt. 15
=945  \\$p440
=945  \\$aDigiMet
=945  \\$vpt. 16
=945  \\$p482
=945  \\$aDigiMet
=945  \\$vpt. 17
=945  \\$p464
=945  \\$aDigiMet
=945  \\$vpt. 18
=945  \\$p472
=945  \\$aDigiMet
=945  \\$vpt. 19
=945  \\$p422
=945  \\$aDigiMet
=945  \\$vpt. 20
=945  \\$p384
=945  \\$aDigiMet
=945  \\$vpt. 21
=945  \\$p238
=945  \\$aDigiMet
=945  \\$vpt. 22
=945  \\$p116
=945  \\$aDigiMet
=945  \\$vpt. 23
=945  \\$p138
=945  \\$aDigiMet
=945  \\$vpt. 24
=945  \\$p158
=945  \\$aDigiMet
=945  \\$vpt. 25
=945  \\$p206
=945  \\$aDigiMet
=945  \\$vpt. 26
=945  \\$p178
=945  \\$aDigiMet
=945  \\$vpt. 27
=945  \\$p192
=945  \\$aDigiMet
=945  \\$vpt. 28
=945  \\$p188
=945  \\$aDigiMet
=945  \\$vpt. 29
=945  \\$p174
=945  \\$aDigiMet
=945  \\$vpt. 30
=945  \\$p162
=945  \\$aDigiMet
=945  \\$vpt. 31
=945  \\$p26
=946  \\$aUSDA
=959  \\$c2014-03-31$ergallett$gupgrade
=994  \\$a92$bAGL

