=LDR  01833cas a2200541 a 4500
=001  9915538188607426
=005  20240624191836.0
=008  001205d18081808pauwr\p\\\\\\\0\\\a0eng\c
=010  \\$a   02008671 $z  2011204414
=012  \\$l1
=016  7\$aCAT11090712$2DNAL
=019  \\$a14582838
=022  0\$a2160-505X$21
=035  \\$a844152
=035  \\$a(OCoLC)17574220$z(OCoLC)14582838
=035  \\$a(DNAL)844152-naldb-Voyager
=035  \\$z(OCoLC)14582838
=040  \\$aNOC$beng$cNOC$dDLC$dOCLCQ$dGUA$dYUS$dDLC$dOCLCF$dOCLCO$dUWO$dPAU$dOCLCQ$dAGL
=042  \\$amsc$ansdp
=049  \\$aRQIC
=050  00$aAP2.A2$bE9
=070  0\$a1.9$bP77
=130  0\$aEye (Philadelphia, Pa.)
=222  \4$aThe Eye$b(Philadelphia, Pa.)
=245  14$aThe Eye.
=260  \\$a[Philadelphia, Pa. :$bPrinted and published by John W. Scott],$c1808-1808.
=300  \\$a2 v. ;$c20 cm.
=362  0\$aVol. 1, no. 1 (Jan. 7, 1808)-v. 2, no. 26 (Dec. 29, 1808).
=510  4\$aShaw & Shoemaker,$c14976.
=530  \\$aAlso available on microfilm and online.
=591  \\$bNAL Reclamation
=593  \\$fAgricola CAT
=650  \0$aAmerican literature$vPeriodicals.
=655  \3$aInternet resource.
=655  \7$aPeriodicals.$2fast$0(OCoLC)fst01411641
=655  \7$aPeriodicals.$2rbgenr
=700  1\$aOptic, Obadiah.
=776  1\$tEye (Philadelphia, Pa.)$w(DLC)sf 88091454$w(OCoLC)3681698
=776  1\$tEye (Philadelphia, Pa. : Online)$w(DLC)  2007233827$w(OCoLC)50208235
=776  08$iOnline version:$tEye (Philadelphia, Pa.)$w(OCoLC)716414145
=850  \\$aDLC
=856  41$uhttps://archive.org/details/usda-semimonthlynewsletter
=912  \\$analcatalog
=930  \\$a20140812$b20140905$c00000000
=939  \\$a20140314$b20140404$c00000000
=945  \\$aDigiMet
=945  \\$vpt. 1
=945  \\$p204
=945  \\$aDigiMet
=945  \\$vpt. 2
=945  \\$p190
=945  \\$aDigiMet
=945  \\$vpt. 3
=945  \\$p204
=945  \\$aDigiMet
=945  \\$vpt. 4
=945  \\$p226
=945  \\$aDigiMet
=945  \\$vpt. 5
=945  \\$p262
=945  \\$aDigiMet
=945  \\$vpt. 6
=945  \\$p246
=945  \\$aDigiMet
=945  \\$vpt. 7
=945  \\$p274
=945  \\$aDigiMet
=945  \\$vpt. 8
=945  \\$p324
=945  \\$aDigiMet
=945  \\$vpt. 9
=945  \\$p226
=945  \\$aDigiMet
=945  \\$vpt. 10
=945  \\$p230
=945  \\$aDigiMet
=945  \\$vpt. 11
=945  \\$p240
=945  \\$aDigiMet
=945  \\$vpt. 12
=945  \\$p262
=945  \\$aDigiMet
=945  \\$vpt. 13
=945  \\$p266
=946  \\$aUSDA
=959  \\$c2014-03-14$ejgilbert$gsubjadd
=994  \\$a92$bAGL

