=LDR  02079cas a22004452  4500
=001  9915538197307426
=005  20240624191843.0
=008  001121d19uu19uuxxuuu\p\\\\\\f0\\\\1eng\d
=016  7\$aCAT11088999$2DNAL
=035  \\$91088-99960
=035  \\$a844409
=035  \\$a(DNAL)844409-naldb-Voyager
=040  \\$aAGL$dAGL
=049  \\$aRQIC
=070  0\$a1.9$bP6962
=110  1\$aUnited States.$bBureau of Plant Industry.
=245  10$aEgyptian cotton news letter.
=246  1\$iRunning title:$aCotton news letter
=260  \\$a[Washington]
=300  \\$av. ;$c28-30 cm.
=362  1\$aCeased.
=500  \\$aCaption title.
=500  \\$aAug. 26?, 1919 omits issuing office; some numbers omit the words "Office of" and "Division of" from issuing office.
=550  \\$aApr.8, 1919-Apr.7, 1926, June 17, 1926 issued by [Office of] Alkali and drought resistant plant investigations; Apr.14-June 9, 1926, June 23, 1926-Apr.3, 1929, issued by [Office of] alkali and drought resistant crops; Apr.10, 1929-June 3, 1931, issued by Office of Egyptian cotton breeding; June 9, 1931-   issued by Division of Egyptian cotton breeding.
=593  \\$fAgricola CAT
=650  \0$aSea Island cotton$zUnited States$vPeriodicals.
=655  \3$aInternet resource
=710  1\$aUnited States.$bBureau of Plant Industry.$bOffice of Forage Crops.
=710  1\$aUnited States.$bBureau of Plant Industry.$bOffice of Forage Crops and Diseases.
=710  1\$aUnited States.$bBureau of Plant Industry.$bDivision of Forage Crops and Diseases.
=710  2\$aUnited States.$bOffice of Alkali and Drought Resistant Plant Investigations.
=710  2\$aUnited States.$bOffice of Alkali and Drought resistant crops.
=710  2\$aUnited States.$bOffice of Egyptian Cotton Breeding.
=710  2\$aUnited States.$bDivision of Egyptian Cotton Breeding.
=856  41$uhttps://archive.org/details/usda-egyptiancottonnewsletter
=912  \\$analcatalog
=930  \\$a20140505$b20140606$c00000000
=939  \\$a20131113$b20131206$c00000000
=945  \\$aDigiMet
=945  \\$vpt. 1
=945  \\$p18
=945  \\$aDigiMet
=945  \\$vpt. 2
=945  \\$p22
=945  \\$aDigiMet
=945  \\$vpt. 3
=945  \\$p22
=945  \\$aDigiMet
=945  \\$vpt. 4
=945  \\$p28
=945  \\$aDigiMet
=945  \\$vpt. 5
=945  \\$p16
=945  \\$aDigiMet
=945  \\$vpt. 6
=945  \\$p20
=945  \\$aDigiMet
=945  \\$vpt. 7
=945  \\$p20
=945  \\$aDigiMet
=945  \\$vpt. 8
=945  \\$p20
=945  \\$aDigiMet
=945  \\$vpt. 9
=945  \\$p24
=945  \\$aDigiMet
=945  \\$vpt. 10
=945  \\$p26
=945  \\$aDigiMet
=945  \\$vpt. 11
=945  \\$p24
=945  \\$aDigiMet
=945  \\$vpt. 12
=945  \\$p28
=945  \\$aDigiMet
=945  \\$vpt. 13
=945  \\$p22
=945  \\$aDigiMet
=945  \\$vpt. 14
=945  \\$p22
=945  \\$aDigiMet
=945  \\$vpt. 15
=945  \\$p24
=945  \\$aDigiMet
=945  \\$vpt. 16
=945  \\$p20
=945  \\$aDigiMet
=945  \\$vpt. 17
=945  \\$p14
=945  \\$aDigiMet
=945  \\$vpt. 18
=945  \\$p32
=945  \\$aDigiMet
=945  \\$vpt. 19
=945  \\$p24
=945  \\$aDigiMet
=945  \\$vpt. 20
=945  \\$p34
=945  \\$aDigiMet
=945  \\$vpt. 21
=945  \\$p24
=945  \\$aDigiMet
=945  \\$vpt. 22
=945  \\$p32
=945  \\$aDigiMet
=945  \\$vpt. 23
=945  \\$p26
=945  \\$aDigiMet
=945  \\$vpt. 24
=945  \\$p34
=945  \\$aDigiMet
=945  \\$vpt. 25
=945  \\$p34
=945  \\$aDigiMet
=945  \\$vpt. 26
=945  \\$p34
=945  \\$aDigiMet
=945  \\$vpt. 27
=945  \\$p44
=945  \\$aDigiMet
=945  \\$vpt. 28
=945  \\$p24
=945  \\$aDigiMet
=945  \\$vpt. 29
=945  \\$p26
=945  \\$aDigiMet
=945  \\$vpt. 30
=945  \\$p38
=945  \\$aDigiMet
=945  \\$vpt. 31
=945  \\$p30
=945  \\$aDigiMet
=945  \\$vpt. 32
=945  \\$p46
=945  \\$aDigiMet
=945  \\$vpt. 33
=945  \\$p34
=945  \\$aDigiMet
=945  \\$vpt. 34
=945  \\$p44
=945  \\$aDigiMet
=945  \\$vpt. 35
=945  \\$p24
=945  \\$aDigiMet
=945  \\$vpt. 36
=945  \\$p48
=945  \\$aDigiMet
=945  \\$vpt. 37
=945  \\$p36
=945  \\$aDigiMet
=945  \\$vpt. 38
=945  \\$p44
=945  \\$aDigiMet
=945  \\$vpt. 39
=945  \\$p36
=945  \\$aDigiMet
=945  \\$vpt. 40
=945  \\$p36
=945  \\$aDigiMet
=945  \\$vpt. 41
=945  \\$p28
=945  \\$aDigiMet
=945  \\$vpt. 42
=945  \\$p38
=945  \\$aDigiMet
=945  \\$vpt. 43
=945  \\$p44
=945  \\$aDigiMet
=945  \\$vpt. 44
=945  \\$p42
=945  \\$aDigiMet
=945  \\$vpt. 45
=945  \\$p34
=945  \\$aDigiMet
=945  \\$vpt. 46
=945  \\$p44
=945  \\$aDigiMet
=945  \\$vpt. 47
=945  \\$p32
=945  \\$aDigiMet
=945  \\$vpt. 48
=945  \\$p34
=945  \\$aDigiMet
=945  \\$vpt. 49
=945  \\$p34
=945  \\$aDigiMet
=945  \\$vpt. 50
=945  \\$p42
=945  \\$aDigiMet
=945  \\$vpt. 51
=945  \\$p34
=945  \\$aDigiMet
=945  \\$vpt. 52
=945  \\$p26
=945  \\$aDigiMet
=945  \\$vpt. 53
=945  \\$p30
=945  \\$aDigiMet
=945  \\$vpt. 54
=945  \\$p34
=945  \\$aDigiMet
=945  \\$vpt. 55
=945  \\$p32
=945  \\$aDigiMet
=945  \\$vpt. 56
=945  \\$p20
=945  \\$aDigiMet
=945  \\$vpt. 57
=945  \\$p40
=945  \\$aDigiMet
=945  \\$vpt. 58
=945  \\$p40
=945  \\$aDigiMet
=945  \\$vpt. 59
=945  \\$p32
=945  \\$aDigiMet
=945  \\$vpt. 60
=945  \\$p38
=945  \\$aDigiMet
=945  \\$vpt. 61
=945  \\$p42
=945  \\$aDigiMet
=945  \\$vpt. 62
=945  \\$p36
=945  \\$aDigiMet
=945  \\$vpt. 63
=945  \\$p40
=945  \\$aDigiMet
=945  \\$vpt. 64
=945  \\$p12
=945  \\$aDigiMet
=945  \\$vpt. 65
=945  \\$p24
=945  \\$aDigiMet
=945  \\$vpt. 66
=945  \\$p40
=945  \\$aDigiMet
=945  \\$vpt. 67
=945  \\$p34
=945  \\$aDigiMet
=945  \\$vpt. 68
=945  \\$p44
=945  \\$aDigiMet
=945  \\$vpt. 69
=945  \\$p42
=945  \\$aDigiMet
=945  \\$vpt. 70
=945  \\$p34
=945  \\$aDigiMet
=945  \\$vpt. 71
=945  \\$p44
=945  \\$aDigiMet
=945  \\$vpt. 72
=945  \\$p32
=945  \\$aDigiMet
=945  \\$vpt. 73
=945  \\$p34
=945  \\$aDigiMet
=945  \\$vpt. 74
=945  \\$p36
=945  \\$aDigiMet
=945  \\$vpt. 75
=945  \\$p34
=945  \\$aDigiMet
=945  \\$vpt. 76
=945  \\$p20
=945  \\$aDigiMet
=945  \\$vpt. 77
=945  \\$p44
=945  \\$aDigiMet
=945  \\$vpt. 78
=945  \\$p32
=945  \\$aDigiMet
=945  \\$vpt. 79
=945  \\$p40
=945  \\$aDigiMet
=945  \\$vpt. 80
=945  \\$p34
=945  \\$aDigiMet
=945  \\$vpt. 81
=945  \\$p38
=945  \\$aDigiMet
=945  \\$vpt. 82
=945  \\$p36
=945  \\$aDigiMet
=945  \\$vpt. 83
=945  \\$p46
=945  \\$aDigiMet
=945  \\$vpt. 84
=945  \\$p36
=945  \\$aDigiMet
=945  \\$vpt. 85
=945  \\$p38
=945  \\$aDigiMet
=945  \\$vpt. 86
=945  \\$p48
=945  \\$aDigiMet
=945  \\$vpt. 87
=945  \\$p34
=945  \\$aDigiMet
=945  \\$vpt. 88
=945  \\$p22
=945  \\$aDigiMet
=945  \\$vpt. 89
=945  \\$p44
=945  \\$aDigiMet
=945  \\$vpt. 90
=945  \\$p34
=945  \\$aDigiMet
=945  \\$vpt. 91
=945  \\$p26
=945  \\$aDigiMet
=945  \\$vpt. 92
=945  \\$p26
=945  \\$aDigiMet
=945  \\$vpt. 93
=945  \\$p32
=945  \\$aDigiMet
=945  \\$vpt. 94
=945  \\$p38
=945  \\$aDigiMet
=945  \\$vpt. 95
=945  \\$p32
=945  \\$aDigiMet
=945  \\$vpt. 96
=945  \\$p32
=945  \\$aDigiMet
=945  \\$vpt. 97
=945  \\$p32
=945  \\$aDigiMet
=945  \\$vpt. 98
=945  \\$p42
=945  \\$aDigiMet
=945  \\$vpt. 99
=945  \\$p34
=945  \\$aDigiMet
=945  \\$vpt. 100
=945  \\$p34
=945  \\$aDigiMet
=945  \\$vpt. 101
=945  \\$p20
=945  \\$aDigiMet
=945  \\$vpt. 102
=945  \\$p32
=945  \\$aDigiMet
=945  \\$vpt. 103
=945  \\$p32
=945  \\$aDigiMet
=945  \\$vpt. 104
=945  \\$p32
=945  \\$aDigiMet
=945  \\$vpt. 105
=945  \\$p30
=945  \\$aDigiMet
=945  \\$vpt. 106
=945  \\$p38
=945  \\$aDigiMet
=945  \\$vpt. 107
=945  \\$p32
=945  \\$aDigiMet
=945  \\$vpt. 108
=945  \\$p30
=945  \\$aDigiMet
=945  \\$vpt. 109
=945  \\$p44
=945  \\$aDigiMet
=945  \\$vpt. 110
=945  \\$p34
=945  \\$aDigiMet
=945  \\$vpt. 111
=945  \\$p34
=945  \\$aDigiMet
=945  \\$vpt. 112
=945  \\$p42
=945  \\$aDigiMet
=945  \\$vpt. 113
=945  \\$p22
=945  \\$aDigiMet
=945  \\$vpt. 114
=945  \\$p32
=945  \\$aDigiMet
=945  \\$vpt. 115
=945  \\$p16
=945  \\$aDigiMet
=945  \\$vpt. 116
=945  \\$p34
=945  \\$aDigiMet
=945  \\$vpt. 117
=945  \\$p38
=945  \\$aDigiMet
=945  \\$vpt. 118
=945  \\$p32
=945  \\$aDigiMet
=945  \\$vpt. 119
=945  \\$p32
=945  \\$aDigiMet
=945  \\$vpt. 120
=945  \\$p22
=945  \\$aDigiMet
=945  \\$vpt. 121
=945  \\$p34
=945  \\$aDigiMet
=945  \\$vpt. 122
=945  \\$p26
=945  \\$aDigiMet
=945  \\$vpt. 123
=945  \\$p30
=945  \\$aDigiMet
=945  \\$vpt. 124
=945  \\$p36
=945  \\$aDigiMet
=945  \\$vpt. 125
=945  \\$p18
=945  \\$aDigiMet
=945  \\$vpt. 126
=945  \\$p26
=945  \\$aDigiMet
=945  \\$vpt. 127
=945  \\$p32
=945  \\$aDigiMet
=945  \\$vpt. 128
=945  \\$p32
=945  \\$aDigiMet
=945  \\$vpt. 129
=945  \\$p44
=945  \\$aDigiMet
=945  \\$vpt. 130
=945  \\$p32
=945  \\$aDigiMet
=945  \\$vpt. 131
=945  \\$p28
=945  \\$aDigiMet
=945  \\$vpt. 132
=945  \\$p26
=945  \\$aDigiMet
=945  \\$vpt. 133
=945  \\$p34
=945  \\$aDigiMet
=945  \\$vpt. 134
=945  \\$p26
=945  \\$aDigiMet
=945  \\$vpt. 135
=945  \\$p30
=945  \\$aDigiMet
=945  \\$vpt. 136
=945  \\$p32
=945  \\$aDigiMet
=945  \\$vpt. 137
=945  \\$p18
=945  \\$aDigiMet
=945  \\$vpt. 138
=945  \\$p32
=945  \\$aDigiMet
=945  \\$vpt. 139
=945  \\$p30
=945  \\$aDigiMet
=945  \\$vpt. 140
=945  \\$p26
=945  \\$aDigiMet
=945  \\$vpt. 141
=945  \\$p32
=945  \\$aDigiMet
=945  \\$vpt. 142
=945  \\$p24
=945  \\$aDigiMet
=945  \\$vpt. 143
=945  \\$p26
=945  \\$aDigiMet
=945  \\$vpt. 144
=945  \\$p32
=945  \\$aDigiMet
=945  \\$vpt. 145
=945  \\$p22
=945  \\$aDigiMet
=945  \\$vpt. 146
=945  \\$p22
=945  \\$aDigiMet
=945  \\$vpt. 147
=945  \\$p28
=945  \\$aDigiMet
=945  \\$vpt. 148
=945  \\$p12
=945  \\$aDigiMet
=945  \\$vpt. 149
=945  \\$p14
=945  \\$aDigiMet
=945  \\$vpt. 150
=945  \\$p12
=945  \\$aDigiMet
=945  \\$vpt. 151
=945  \\$p12
=945  \\$aDigiMet
=945  \\$vpt. 152
=945  \\$p14
=945  \\$aDigiMet
=945  \\$vpt. 153
=945  \\$p12
=945  \\$aDigiMet
=945  \\$vpt. 154
=945  \\$p14
=945  \\$aDigiMet
=945  \\$vpt. 155
=945  \\$p12
=945  \\$aDigiMet
=945  \\$vpt. 156
=945  \\$p12
=945  \\$aDigiMet
=945  \\$vpt. 157
=945  \\$p12
=945  \\$aDigiMet
=945  \\$vpt. 158
=945  \\$p14
=945  \\$aDigiMet
=945  \\$vpt. 159
=945  \\$p12
=945  \\$aDigiMet
=945  \\$vpt. 160
=945  \\$p14
=945  \\$aDigiMet
=945  \\$vpt. 161
=945  \\$p16
=945  \\$aDigiMet
=945  \\$vpt. 162
=945  \\$p12
=945  \\$aDigiMet
=945  \\$vpt. 163
=945  \\$p14
=945  \\$aDigiMet
=945  \\$vpt. 164
=945  \\$p12
=945  \\$aDigiMet
=945  \\$vpt. 165
=945  \\$p12
=945  \\$aDigiMet
=945  \\$vpt. 166
=945  \\$p14
=945  \\$aDigiMet
=945  \\$vpt. 167
=945  \\$p12
=945  \\$aDigiMet
=945  \\$vpt. 168
=945  \\$p12
=945  \\$aDigiMet
=945  \\$vpt. 169
=945  \\$p12
=945  \\$aDigiMet
=945  \\$vpt. 170
=945  \\$p16
=945  \\$aDigiMet
=945  \\$vpt. 171
=945  \\$p16
=945  \\$aDigiMet
=945  \\$vpt. 172
=945  \\$p14
=945  \\$aDigiMet
=945  \\$vpt. 173
=945  \\$p12
=945  \\$aDigiMet
=945  \\$vpt. 174
=945  \\$p12
=945  \\$aDigiMet
=945  \\$vpt. 175
=945  \\$p14
=945  \\$aDigiMet
=945  \\$vpt. 176
=945  \\$p14
=945  \\$aDigiMet
=945  \\$vpt. 177
=945  \\$p18
=945  \\$aDigiMet
=945  \\$vpt. 178
=945  \\$p18
=945  \\$aDigiMet
=945  \\$vpt. 179
=945  \\$p12
=945  \\$aDigiMet
=945  \\$vpt. 180
=945  \\$p12
=945  \\$aDigiMet
=945  \\$vpt. 181
=945  \\$p14
=945  \\$aDigiMet
=945  \\$vpt. 182
=945  \\$p12
=945  \\$aDigiMet
=945  \\$vpt. 183
=945  \\$p12
=945  \\$aDigiMet
=945  \\$vpt. 184
=945  \\$p16
=945  \\$aDigiMet
=945  \\$vpt. 185
=945  \\$p12
=945  \\$aDigiMet
=945  \\$vpt. 186
=945  \\$p12
=945  \\$aDigiMet
=945  \\$vpt. 187
=945  \\$p14
=945  \\$aDigiMet
=945  \\$vpt. 188
=945  \\$p12
=945  \\$aDigiMet
=945  \\$vpt. 189
=945  \\$p12
=945  \\$aDigiMet
=945  \\$vpt. 190
=945  \\$p14
=945  \\$aDigiMet
=945  \\$vpt. 191
=945  \\$p12
=945  \\$aDigiMet
=945  \\$vpt. 192
=945  \\$p12
=945  \\$aDigiMet
=945  \\$vpt. 193
=945  \\$p14
=945  \\$aDigiMet
=945  \\$vpt. 194
=945  \\$p12
=945  \\$aDigiMet
=945  \\$vpt. 195
=945  \\$p12
=945  \\$aDigiMet
=945  \\$vpt. 196
=945  \\$p14
=945  \\$aDigiMet
=945  \\$vpt. 197
=945  \\$p8
=945  \\$aDigiMet
=945  \\$vpt. 198
=945  \\$p14
=945  \\$aDigiMet
=945  \\$vpt. 199
=945  \\$p12
=945  \\$aDigiMet
=945  \\$vpt. 200
=945  \\$p12
=945  \\$aDigiMet
=945  \\$vpt. 201
=945  \\$p12
=945  \\$aDigiMet
=945  \\$vpt. 202
=945  \\$p12
=945  \\$aDigiMet
=945  \\$vpt. 203
=945  \\$p12
=945  \\$aDigiMet
=945  \\$vpt. 204
=945  \\$p14
=945  \\$aDigiMet
=945  \\$vpt. 205
=945  \\$p12
=945  \\$aDigiMet
=945  \\$vpt. 206
=945  \\$p12
=945  \\$aDigiMet
=945  \\$vpt. 207
=945  \\$p14
=945  \\$aDigiMet
=945  \\$vpt. 208
=945  \\$p12
=945  \\$aDigiMet
=945  \\$vpt. 209
=945  \\$p12
=945  \\$aDigiMet
=945  \\$vpt. 210
=945  \\$p10
=945  \\$aDigiMet
=945  \\$vpt. 211
=945  \\$p12
=945  \\$aDigiMet
=945  \\$vpt. 212
=945  \\$p12
=945  \\$aDigiMet
=945  \\$vpt. 213
=945  \\$p14
=945  \\$aDigiMet
=945  \\$vpt. 214
=945  \\$p8
=945  \\$aDigiMet
=945  \\$vpt. 215
=945  \\$p8
=945  \\$aDigiMet
=945  \\$vpt. 216
=945  \\$p8
=945  \\$aDigiMet
=945  \\$vpt. 217
=945  \\$p8
=945  \\$aDigiMet
=945  \\$vpt. 218
=945  \\$p8
=945  \\$aDigiMet
=945  \\$vpt. 219
=945  \\$p8
=945  \\$aDigiMet
=945  \\$vpt. 220
=945  \\$p8
=945  \\$aDigiMet
=945  \\$vpt. 221
=945  \\$p10
=945  \\$aDigiMet
=945  \\$vpt. 222
=945  \\$p6
=945  \\$aDigiMet
=945  \\$vpt. 223
=945  \\$p10
=945  \\$aDigiMet
=945  \\$vpt. 224
=945  \\$p10
=945  \\$aDigiMet
=945  \\$vpt. 225
=945  \\$p10
=945  \\$aDigiMet
=945  \\$vpt. 226
=945  \\$p8
=945  \\$aDigiMet
=945  \\$vpt. 227
=945  \\$p8
=945  \\$aDigiMet
=945  \\$vpt. 228
=945  \\$p8
=945  \\$aDigiMet
=945  \\$vpt. 229
=945  \\$p8
=945  \\$aDigiMet
=945  \\$vpt. 230
=945  \\$p12
=945  \\$aDigiMet
=945  \\$vpt. 231
=945  \\$p8
=945  \\$aDigiMet
=945  \\$vpt. 232
=945  \\$p8
=945  \\$aDigiMet
=945  \\$vpt. 233
=945  \\$p8
=945  \\$aDigiMet
=945  \\$vpt. 234
=945  \\$p8
=945  \\$aDigiMet
=945  \\$vpt. 235
=945  \\$p10
=945  \\$aDigiMet
=945  \\$vpt. 236
=945  \\$p10
=945  \\$aDigiMet
=945  \\$vpt. 237
=945  \\$p8
=945  \\$aDigiMet
=945  \\$vpt. 238
=945  \\$p8
=945  \\$aDigiMet
=945  \\$vpt. 239
=945  \\$p10
=945  \\$aDigiMet
=945  \\$vpt. 240
=945  \\$p8
=945  \\$aDigiMet
=945  \\$vpt. 241
=945  \\$p12
=945  \\$aDigiMet
=945  \\$vpt. 242
=945  \\$p8
=945  \\$aDigiMet
=945  \\$vpt. 243
=945  \\$p10
=945  \\$aDigiMet
=945  \\$vpt. 244
=945  \\$p8
=945  \\$aDigiMet
=945  \\$vpt. 245
=945  \\$p6
=945  \\$aDigiMet
=945  \\$vpt. 246
=945  \\$p12
=945  \\$aDigiMet
=945  \\$vpt. 247
=945  \\$p8
=945  \\$aDigiMet
=945  \\$vpt. 248
=945  \\$p10
=945  \\$aDigiMet
=945  \\$vpt. 249
=945  \\$p8
=945  \\$aDigiMet
=945  \\$vpt. 250
=945  \\$p8
=945  \\$aDigiMet
=945  \\$vpt. 251
=945  \\$p10
=945  \\$aDigiMet
=945  \\$vpt. 252
=945  \\$p14
=945  \\$aDigiMet
=945  \\$vpt. 253
=945  \\$p8
=945  \\$aDigiMet
=945  \\$vpt. 254
=945  \\$p8
=945  \\$aDigiMet
=945  \\$vpt. 255
=945  \\$p14
=945  \\$aDigiMet
=945  \\$vpt. 256
=945  \\$p10
=945  \\$aDigiMet
=945  \\$vpt. 257
=945  \\$p10
=945  \\$aDigiMet
=945  \\$vpt. 258
=945  \\$p8
=945  \\$aDigiMet
=945  \\$vpt. 259
=945  \\$p6
=945  \\$aDigiMet
=945  \\$vpt. 260
=945  \\$p8
=945  \\$aDigiMet
=945  \\$vpt. 261
=945  \\$p8
=945  \\$aDigiMet
=945  \\$vpt. 262
=945  \\$p10
=945  \\$aDigiMet
=945  \\$vpt. 263
=945  \\$p8
=946  \\$aUSDA
=959  \\$c2013-11-13$ergallett$gaccadd

