=LDR  01731cas a2200481 a 4500
=001  9915538217907426
=005  20240624191837.0
=008  001205u195uuuuudcuuu\p\\\\\\f0\\\\0eng\d
=010  \\$zsn 86035338 
=012  \\$i8610$zd
=016  7\$aCAT11090750$2DNAL
=035  \\$a844177
=035  \\$a(OCoLC)14574774
=035  \\$a(DNAL)844177-naldb-Voyager
=040  \\$aNYG$beng$cNYG$dDLC$dOCL$dOCLCQ$dZAP$dOCLCO$dOCLCF$dCSF$dOCL$dOCLCQ$dAGL
=043  \\$an-us---
=049  \\$aRQIC
=050  10$aSB823$b.U361
=070  0\$a1.967$bA2C782
=086  0\$aA 77.324/2:
=245  00$aCooperative economic insect report.$pSpecial report.
=246  30$aSpecial report
=260  \\$aWashington, D.C. :$bU.S. Dept. of Agriculture, Agricultural Research Administration, Bureau of Entomology and Plant Quarantine
=300  \\$avolumes ;$c27 cm
=336  \\$atext$btxt$2rdacontent
=337  \\$aunmediated$bn$2rdamedia
=338  \\$avolume$bnc$2rdacarrier
=588  0\$aVol. 1, special rept. no. 2 (Jan. 23, 1952); title from caption.
=591  \\$bNAL Reclamation
=593  \\$fAgricola CAT
=650  \0$aInsects, Injurious and beneficial$zUnited States$vPeriodicals.
=651  \7$aUnited States.$2fast$0(OCoLC)fst01204155
=655  \3$aInternet resource.
=655  \7$aPeriodicals.$2fast$0(OCoLC)fst01411641
=710  1\$aUnited States.$bBureau of Entomology and Plant Quarantine.$0http://id.loc.gov/authorities/names/n82115277
=850  \\$aN
=856  41$uhttps://archive.org/details/usda-cooperativeeconomicinsectreport
=912  \\$analcatalog
=930  \\$a20140702$b20140807$c00000000
=939  \\$a20131218$b20140103$c00000000
=945  \\$aDigiMet
=945  \\$vpt. 1
=945  \\$p8
=945  \\$aDigiMet
=945  \\$vpt. 2
=945  \\$p8
=945  \\$aDigiMet
=945  \\$vpt. 3
=945  \\$p28
=945  \\$aDigiMet
=945  \\$vpt. 4
=945  \\$p24
=945  \\$aDigiMet
=945  \\$vpt. 5
=945  \\$p6
=946  \\$aUSDA
=959  \\$c2013-12-18$ergallett$gaccadd
=994  \\$a92$bAGL

