=LDR  01443cam a2200409Mi 4500
=001  9915538537607426
=005  20240624195233.0
=008  800401s1968\\\\xx\\\\\\\\\\\\000\0\eng\d
=016  7\$aCAT10245567$2DNAL
=035  \\$a205427
=035  \\$a(OCoLC)429798390
=035  \\$a(DNAL)205427-naldb-Voyager
=040  \\$aNz$beng$cNZDUS$dOCLCQ$dOCLCO$dOCLCA$dMYPUT$dOCLCO$dOCLCF$dAGL
=049  \\$aAGLL
=050  10$aTX326 H483 1968
=070  \\$aA321.9$bAg8 no. 21
=072  \0$a7500
=110  1\$aUnited States.$bDepartment of Agriculture.
=245  10$aHelping families manage their finances.
=250  \\$aRev. ed.
=260  \\$bThe Department,$c1968.
=336  \\$atext$btxt$2rdacontent
=337  \\$aunmediated$bn$2rdamedia
=490  1\$aDept. of Agriculture. Home economics research report ;$vno. 21
=591  \\$bNAL Reclamation
=593  \\$fAgricola CAT
=650  \0$aHome economics$xAccounting.$0http://id.loc.gov/authorities/subjects/sh85061674
=650  \0$aFinance, Personal.$0http://id.loc.gov/authorities/subjects/sh85048263
=655  \3$aInternet resource.
=830  \0$aHome economics research report (United States. Department of Agriculture) ;$vno. 21.
=856  40$uhttps://archive.org/details/helpingfamiliesm21jone_0
=912  \\$analcatalog
=930  \\$a20140411$b20140502$c00000000
=939  \\$a20140126$b20140207$c00000000
=945  \\$aDigiMet
=945  \\$p64
=946  \\$aUSDA
=959  \\$c2014-01-26$edcollins$gap
=994  \\$a92$bAGL

