=LDR  02163cam a2200493Ia 4500
=001  9915538658107426
=005  20240624195235.0
=008  800401e196609\\dcua\\\\\\\\\f000\0\eng\d
=016  7\$aCAT10233102$2DNAL
=019  \\$a16441688
=035  \\$a205330
=035  \\$a(OCoLC)801808825$z(OCoLC)16441688
=035  \\$a(DNAL)205330-naldb-Voyager
=035  \\$z(OCoLC)16441688
=040  \\$aLHL$beng$cLHL$dOCLCO$dRQF$dAGL$dOCLCA$dOCLCQ$dOCLCO$dOCLCF$dNOC$dOCLCA
=043  \\$an-us---
=049  \\$aAGLL
=050  \0$aS21$b.A46 no.714 1966
=070  \\$a1$bAg84M no. 714 1966
=072  \0$a8000
=086  0\$aA 1.38:714/966
=110  1\$aUnited States.$bSoil Conservation Service.$0http://id.loc.gov/authorities/names/n78085479
=245  10$aStudents, start your career in SCS before you graduate /$cSoil Conservation Service, U.S. Dept. of Agriculture.
=250  \\$aRev. Sept. 1966.
=260  \\$aWashington, D.C. :$bThe Service,$c1966.
=300  \\$a1 folded sheet (8 pages) :$billustrations ;$c23 x 41 cm, folded to 23 x 11 cm.
=336  \\$atext$btxt$2rdacontent
=337  \\$aunmediated$bn$2rdamedia
=338  \\$asheet$bnb$2rdacarrier
=490  1\$aMiscellaneous publication / United States Department of Agriculture ;$vno. 714
=505  0\$aHow student trainee program works -- What student trainees do -- What Soil Conservationists do -- What Range Conservationists do -- What Engineers do -- What Soil Scientists do -- What Woodland Conservationists do -- WHat Economists do -- What Agronomists do -- What Biologists do -- Training -- How to become a student trainee.
=591  \\$bNAL Reclamation
=593  \\$fAgricola CAT
=650  \0$aSoil science$xVocational guidance.
=650  \0$aSoil conservation$xVocational guidance.
=655  \3$aInternet resource.
=710  1\$aUnited States.$bDepartment of Agriculture.
=830  \0$aMiscellaneous publication (United States. Department of Agriculture) ;$vno. 714.
=856  41$uhttps://archive.org/details/studentsstartyou714unit
=912  \\$analcatalog
=930  \\$a20140305$b00000000$c00000000
=945  \\$aDigiMet
=945  \\$p14
=946  \\$aUSDA
=959  \\$c2013-06-27$ejgilbert$gap
=994  \\$a92$bAGL

