=LDR  01590cam a2200433Ia 4500
=001  9915538660707426
=005  20240620104437.0
=008  800401s1967\\\\pr\\\\\\\\\\\f000\0\eng\d
=016  7\$aCAT10245845$2DNAL
=035  \\$a205960
=035  \\$a(OCoLC)429264383
=035  \\$a(DNAL)205960-naldb-Voyager
=040  \\$aMIN$beng$cMIN$dMIN$dOCLCQ$dOCLCF$dOCLCQ$dSEA$dAGL
=041  0\$aeng$bspa
=049  \\$aAGLL
=070  \\$aA99.9$bF7637N no. 12
=072  \0$a4500
=086  0\$aA 13.79:ITF-12
=100  1\$aMuñoz, J. E.
=245  14$aThe use of herbicides for site preparation and their effects on tree survival /$cby J.E. Muñoz and L.W. Hill.
=260  \\$aRio Piedras, P.R. :$bInstitute of Tropical Forestry, U.S. Forest Service,$c1967.
=300  \\$a5 pages ;$c28 cm.
=336  \\$atext$btxt$2rdacontent
=337  \\$aunmediated$bn$2rdamedia
=338  \\$avolume$bnc$2rdacarrier
=490  1\$aU.S. Forest Service research note ;$vno. ITF-12
=591  \\$bNAL Reclamation
=593  \\$fAgricola CAT
=650  \0$aHerbicides.$0http://id.loc.gov/authorities/subjects/sh85060342
=650  \0$aMahogany.$0http://id.loc.gov/authorities/subjects/sh85079856
=655  \3$aInternet resource.
=700  1\$aHill, L. W.
=710  2\$aInstitute of Tropical Forestry (Río Piedras, San Juan, P.R.)$0http://id.loc.gov/authorities/names/n50064401
=830  \0$aU.S. Forest Service research note ITF ;$v12.
=856  41$uhttps://archive.org/details/useofherbicidesf12muno
=912  \\$analcatalog
=930  \\$a20140705$b00000000$c00000000
=945  \\$aDigiMet
=945  \\$p10
=946  \\$aUSDA
=994  \\$a92$bAGL

