=LDR  02262cam a2200517Ia 4500
=001  9915538800207426
=005  20240624195255.0
=008  800401s1966\\\\orua\\\\\b\\\f000\0\eng\d
=016  7\$aCAT10233214$2DNAL
=019  \\$a979841478$a1039833250$a1084316120$a1231899953
=035  \\$a205549
=035  \\$a(OCoLC)44911375$z(OCoLC)979841478$z(OCoLC)1039833250$z(OCoLC)1084316120$z(OCoLC)1231899953
=035  \\$a(DNAL)205549-naldb-Voyager
=035  \\$z(OCoLC)979841478$z(OCoLC)1039833250$z(OCoLC)1084316120$z(OCoLC)1231899953
=040  \\$aZ@7$beng$cZ@7$dOCLCQ$dOCLCG$dOCLCF$dOCLCQ$dOCLCO$dSEA$dAGM$dWURST$dOCL$dAGL
=043  \\$an-us-wa
=049  \\$aAGLL
=070  \\$aA99.9$bF7625U no. 43
=072  \0$a4500
=086  0\$aA 13.79:PNW-43
=100  1\$aWorthington, Norman P.,$d1903-$0http://id.loc.gov/authorities/names/no96003027
=245  10$aLabor requirements in thinning Douglas-fir and western hemlock on two experimental forests in western Washington /$cby Norman P. Worthington.
=260  \\$aPortland, Or. :$bPacific Northwest Forest and Range Experiment Station, U.S. Dept. of Agriculture,$c[1966]
=300  \\$a12 pages :$billustrations ;$c27 cm.
=336  \\$atext$btxt$2rdacontent
=337  \\$aunmediated$bn$2rdamedia
=338  \\$avolume$bnc$2rdacarrier
=490  1\$aU.S. Forest Service research note PNW ;$v43
=504  \\$aIncludes bibliographical references.
=591  \\$bNAL Reclamation
=593  \\$fAgricola CAT
=650  \0$aDouglas fir$xThinning$zWashington (State), Western.
=650  \0$aWestern hemlock$xThinning$zWashington (State), Western.
=650  \0$aForests and forestry$xEconomic aspects$zWashington (State), Western.
=650  \3$aPseudotsuga menziesii.
=650  \3$aTsuga heterophylla.
=651  \7$aWestern Washington (State)$2fast$0(OCoLC)fst01692700
=655  \3$aInternet resource.
=710  2\$aPacific Northwest Forest and Range Experiment Station (Portland, Or.)$0http://id.loc.gov/authorities/names/n80126131
=830  \0$aU.S. Forest Service research note PNW ;$v43.
=856  41$uhttps://archive.org/details/laborrequirement43wort
=912  \\$analcatalog
=930  \\$a20140506$b00000000$c00000000
=945  \\$aDigiMet
=945  \\$p16
=946  \\$aUSDA
=959  \\$c2014-05-06$earojas$gap
=994  \\$a92$bAGL

