=LDR  01733cam a2200457 a 4500
=001  9915538862907426
=005  20240624195257.0
=008  800401s1968\\\\orua\\\\\b\\\f000\0\eng\d
=016  7\$aCAT10245685$2DNAL
=035  \\$a205651
=035  \\$a(OCoLC)58996977
=035  \\$a(DNAL)205651-naldb-Voyager
=040  \\$aORE$beng$cORE$dOCL$dOCLCA$dMTG$dOCLCF$dOCLCO$dOCLCQ$dAGM$dWURST$dOCLCQ$dAGL
=049  \\$aAGLL
=050  \0$aSD143$b.U51 no.73
=070  \\$aA99.9$bF7625U no. 73
=072  \0$a4500
=086  0\$aA 13.79:PNW-73
=100  1\$aLevitan, Jack S.
=245  10$aShould log scale be reduced for knots? /$cby Jack Levitan.
=260  \\$a[Portland, Or.] :$bPacific Northwest Forest and Range Experiment Station, U.S. Forest Service,$c[1968]
=300  \\$a14 pages :$billustrations ;$c28 cm
=336  \\$atext$btxt$2rdacontent
=337  \\$aunmediated$bn$2rdamedia
=338  \\$avolume$bnc$2rdacarrier
=490  1\$aU.S. Forest Service research note PNW ;$v73
=504  \\$aIncludes bibliographical references.
=591  \\$bNAL Reclamation
=593  \\$fAgricola CAT
=650  \0$aWood$xDefects.$0http://id.loc.gov/authorities/subjects/sh85147789
=650  \0$aForests and forestry$xMeasurement.$0http://id.loc.gov/authorities/subjects/sh85050716
=650  \3$aKnots.
=655  \3$aInternet resource.
=710  2\$aPacific Northwest Forest and Range Experiment Station (Portland, Or.)$0http://id.loc.gov/authorities/names/n80126131
=830  \0$aU.S. Forest Service research note PNW ;$v73.
=856  41$uhttps://archive.org/details/shouldlogscalebe73levi
=912  \\$analcatalog
=930  \\$a20140506$b00000000$c00000000
=945  \\$aDigiMet
=945  \\$p18
=946  \\$aUSDA
=959  \\$c2014-05-06$earojas$gap
=994  \\$a92$bAGL

