=LDR  01046cam a2200313M  4500
=001  9915538893207426
=005  20240621223329.0
=008  800401s1966\\\\pau\\\\\\\\\\\000\0\eng\d
=016  7\$aCAT10233091$2DNAL
=035  \\$a205309
=035  \\$a(OCoLC)1289143756
=035  \\$a(DNAL)205309-naldb-Voyager
=040  \\$aAGL$beng$cAGL
=049  \\$aAGLL
=070  \\$aA99.9$bF7622Uf no. 3
=072  \0$a4500
=110  1\$aNortheastern Forest Experiment Station (Radnor, Pa.)
=245  10$aPulpwood production in the Northeast.
=260  \\$a[Upper Darby, Pa.]$c1966.
=490  1\$aU.S. Forest Service. Northeastern Forest Experiment Station, 1945, U.S. Forest Service resource bulletin NE-3
=591  \\$bNAL Reclamation
=593  \\$fAgricola CAT
=655  \3$aInternet resource.
=810  2\$aUnited States.$bForest Service.$tU.S. Forest Service resource bulletin NE.$v3.
=856  41$uhttps://archive.org/details/pulpwoodproducti03nort
=912  \\$analcatalog
=930  \\$a20140209$b00000000$c00000000
=945  \\$aDigiMet
=945  \\$p36
=946  \\$aUSDA
=994  \\$a92$bAGL

