=LDR  01910cam a2200493 a 4500
=001  9915539027607426
=005  20240624195343.0
=008  800401s1966\\\\dcua\\\\\b\\\f000\0\eng\d
=016  7\$aCAT10245480$2DNAL
=035  \\$a205264
=035  \\$a(OCoLC)840687465
=035  \\$a(DNAL)205264-naldb-Voyager
=040  \\$aMUU$beng$cMUU$dOCLCO$dOCLCF$dOCLCQ$dOCLCA$dOCLCQ$dAGL
=049  \\$aAGLL
=070  \\$aA381$bR31 no. 45
=072  \0$a1500
=086  0\$aA 77.15:ARS-72-45
=110  1\$aUnited States.$bAgricultural Research Service.
=245  10$aDrying and curing chemically treated cotton batting /$c[Leo L. Holzenthal, Chester H. Haydel, and Nestor B. Knoepfler.
=260  \\$aWashington, D.C.] :$bU.S. Dept. of Agriculture, Agricultural Research Service,$c1966.
=300  \\$ai, 14 pages :$billustrations ;$c27 cm
=336  \\$atext$btxt$2rdacontent
=337  \\$aunmediated$bn$2rdamedia
=338  \\$avolume$bnc$2rdacarrier
=490  1\$aARS ;$v72-45
=504  \\$aIncludes bibliographical references (page 10).
=591  \\$bNAL Reclamation
=593  \\$fAgricola CAT
=650  \0$aCotton fabrics.$0http://id.loc.gov/authorities/subjects/sh85033321
=655  \3$aInternet resource.
=700  1\$aHolzenthal, Leo L.
=700  1\$aHaydel, Chester H.
=700  1\$aKnoepfler, Nestor B.
=710  1\$aUnited States.$bAgricultural Research Service.$bSouthern Utilization Research and Development Division.$0http://id.loc.gov/authorities/names/n84046610
=830  \0$aARS (Series) (United States. Agricultural Research Service) ;$v72-45.
=856  41$uhttps://archive.org/details/dryingcuringchem7245holz
=912  \\$analcatalog
=930  \\$a20140115$b20140207$c00000000
=939  \\$a20130314$b20130404$c00000000
=945  \\$aDigiMet
=945  \\$p20
=946  \\$aUSDA
=959  \\$c2014-01-15$essouder$gurl
=959  \\$c2013-03-14$ejgilbert$gsubjadd
=959  \\$c2013-03-14$ejgilbert$gde
=994  \\$a92$bAGL

