=LDR  01829cam a2200481 a 4500
=001  9915539053507426
=005  20240624195337.0
=008  800401s1968\\\\laua\\\\\\\\\f000\0\eng\d
=016  7\$aCAT10245696$2DNAL
=035  \\$a205672
=035  \\$a(OCoLC)840838061
=035  \\$a(DNAL)205672-naldb-Voyager
=040  \\$aMUU$beng$cMUU$dOCLCO$dOCLCF$dOCLCQ$dAGL
=049  \\$aAGLL
=070  0\$aA381$bR31 no. 67
=072  \0$a1500
=086  0\$aA 77.15:ARS-72-67
=100  1\$aLime, B. J.
=245  10$aRio fruit concentrate for a natural fruit drink /$c[by B.J. Lime, M.B. Soniat, and F.P. Griffiths].
=260  \\$a[New Orleans, La.] :$bU.S. Dept. of Agriculture, Agricultural Research Service,$c1968.
=300  \\$a3 pages :$billustrations ;$c27 cm
=336  \\$atext$btxt$2rdacontent
=337  \\$aunmediated$bn$2rdamedia
=338  \\$avolume$bnc$2rdacarrier
=490  1\$aARS ;$v72-67
=591  \\$bNAL Reclamation
=593  \\$fAgricola CAT
=650  \0$aConcentrated fruit juices.$0http://id.loc.gov/authorities/subjects/sh85052178
=650  \0$aBeverage industry.$0http://id.loc.gov/authorities/subjects/sh85013498
=655  \3$aInternet resource.
=700  1\$aSoniat, M. B.
=700  1\$aGriffiths, F. P.
=710  1\$aUnited States.$bAgricultural Research Service.$bSouthern Utilization Research and Development Division.$0http://id.loc.gov/authorities/names/n84046610
=830  \0$aARS (Series) (United States. Agricultural Research Service) ;$v72-67.
=856  41$uhttps://archive.org/details/riofruitconcentr7267lime
=912  \\$analcatalog
=930  \\$a20140115$b20140207$c00000000
=939  \\$a20130315$b20130404$c00000000
=945  \\$aDigiMet
=945  \\$p12
=946  \\$aUSDA
=959  \\$c2014-01-15$essouder$gurl
=959  \\$c2013-03-15$ejgilbert$gsubjadd
=959  \\$c2013-03-15$ejgilbert$gde
=994  \\$a92$bAGL

