=LDR  02085cam a2200505Ia 4500
=001  9915539107907426
=005  20240620104624.0
=008  800401s1968\\\\pauab\\\\bs\\f000\0\eng\d
=016  7\$aCAT10245600$2DNAL
=035  \\$a205493
=035  \\$a(OCoLC)33817198
=035  \\$a(DNAL)205493-naldb-Voyager
=040  \\$aVXF$beng$cVXF$dOCL$dOCLCQ$dMUM$dMTG$dNUI$dOCLCQ$dOCLCA$dOCLCF$dOCLCQ$dCOD$dOCLCA$dWURST$dAGL
=043  \\$an-us-wv
=049  \\$aAGLL
=050  \0$aSD11$b.U652 no.10
=070  \\$aA99.9$bF7622Uf no. 10
=072  \0$a4500
=086  0\$aA 13.80:NE-10
=100  1\$aKingsley, Neal P.$0http://id.loc.gov/authorities/names/n80002316
=245  10$aTimber products production in West Virginia, 1965 /$cby Neal P. Kingsley an David R. Dickson.
=260  \\$aUpper Darby, Pa. :$bNortheastern Forest Expirement Station,$c1968.
=300  \\$a52 pages :$billustrations, maps ;$c24 cm.
=336  \\$atext$btxt$2rdacontent
=337  \\$aunmediated$bn$2rdamedia
=338  \\$avolume$bnc$2rdacarrier
=490  1\$aU.S. Forest Service resource bulletin NE ;$v10
=504  \\$aIncludes bibliographical references.
=591  \\$bNAL Reclamation
=593  \\$fAgricola CAT
=650  \0$aTimber$zWest Virginia$vStatistics.
=650  \0$aForest products industry$zWest Virginia$vStatistics.
=651  \7$aWest Virginia.$2fast$0(OCoLC)fst01205316
=655  \3$aInternet resource.
=655  \7$aStatistics.$2fast$0(OCoLC)fst01423727
=700  1\$aDickson, David R.$0http://id.loc.gov/authorities/names/n84121830
=710  1\$aUnited States.$bDepartment of Agriculture.
=710  2\$aNortheastern Forest Experiment Station (Radnor, Pa.)
=776  08$iOnline version:$aKingsley, Neal P.$tTimber products production in West Virginia, 1965.$dUpper Darby, Pa. : Northeastern Forest Expirement Station, 1968$w(OCoLC)626255496
=830  \0$aU.S.D.A. Forest Service resource bulletin NE ;$v10.
=856  41$uhttps://archive.org/details/timberproductspr10king
=912  \\$analcatalog
=930  \\$a20140209$b00000000$c00000000
=945  \\$aDigiMet
=945  \\$p64
=946  \\$aUSDA
=994  \\$a92$bAGL

