=LDR  01430cam a2200385M  4500
=001  9915539139407426
=005  20240624195336.0
=008  800401s1968\\\\dcu\\\\\\\\\\\000\0\eng\d
=016  7\$aCAT10245475$2DNAL
=035  \\$a205255
=035  \\$a(OCoLC)1288990173
=035  \\$a(DNAL)205255-naldb-Voyager
=040  \\$aAGL$beng$cAGL
=049  \\$aAGLL
=070  \\$a1.96$bAd6Tp no. 151
=072  \0$a7000
=100  1\$aHitchock, Albert Spear,$d1865-1935.
=245  10$aKey to the native perennial grasses, midwest region east of the Great Plains.$cAbstracted from Hitchcock's Manual of the grasses.
=260  \\$a[Washington]$bU.S. Dept. of Agriculture, Soil Conservation Service,$c1968.
=300  \\$a116 p.$billus.$c26 cm.
=490  1\$a[U.S. Soil Conservation Service] SCS-TP-151
=591  \\$bNAL Reclamation
=593  \\$fAgricola CAT
=610  10$aUnited States.$bSoil Conservation Service.$bMidwest Regional Technical Service Center.
=650  \0$aGrasses.
=651  \0$aGreat Plains$xBotany.
=655  \3$aInternet resource.
=700  1\$aHitchcock, A. S.$q(Albert Spear),$d1865-1935.$tManual of grasses of the United States.
=810  2\$aUnited States.$bSoil Conservation Service.$tSCS-TP.$v151.
=856  41$uhttps://archive.org/details/keytonativeperen151hitc
=912  \\$analcatalog
=930  \\$a20140703$b20140807$c00000000
=945  \\$aDigiMet
=945  \\$p126
=946  \\$aUSDA
=959  \\$c2014-07-03$earojas$gap
=994  \\$a92$bAGL

