=LDR  01990cam a2200529Ia 4500
=001  9915539321507426
=005  20240624195349.0
=008  800401s1966\\\\orua\\\\\b\\\f000\0\eng\d
=016  7\$aCAT10233197$2DNAL
=019  \\$a1039816522$a1231823989
=035  \\$a205516
=035  \\$a(OCoLC)44900515$z(OCoLC)1039816522$z(OCoLC)1231823989
=035  \\$a(DNAL)205516-naldb-Voyager
=035  \\$z(OCoLC)1039816522$z(OCoLC)1231823989
=040  \\$aZ@7$beng$cZ@7$dMTG$dOCLCF$dOCLCQ$dOCLCO$dAGM$dWURST$dAGL
=043  \\$an-usp--
=049  \\$aAGLL
=070  \\$aA99.9$bF7625U no. 40
=072  \0$a4500
=086  0\$aA 13.79:PNW-40
=100  1\$aWilliams, Carroll B.$0http://id.loc.gov/authorities/names/n79111957
=245  10$aSnow damage to coniferous seedlings and saplings /$cby Carroll B. Williams.
=260  \\$aPortland, Or. :$bPacific Northwest Forest and Range Experiment Station, U.S. Dept. of Agriculture,$c[1966]
=300  \\$a10 pages :$billustrations ;$c28 cm.
=336  \\$atext$btxt$2rdacontent
=337  \\$aunmediated$bn$2rdamedia
=338  \\$avolume$bnc$2rdacarrier
=490  1\$aU.S. Forest Service research note PNW ;$v40
=504  \\$aIncludes bibliographical references (page 10).
=591  \\$bNAL Reclamation
=593  \\$fAgricola CAT
=650  \0$aConifers$xSeedlings.
=650  \0$aConifers$xWounds and injuries$zCascade Range.
=650  \3$aPinopsida.
=650  \3$aseedlings.
=650  \3$asaplings.
=650  \3$asnow damage.
=651  \7$aNorth America$zCascade Range.$2fast$0(OCoLC)fst01244212
=655  \3$aInternet resource.
=710  2\$aPacific Northwest Forest and Range Experiment Station (Portland, Or.)$0http://id.loc.gov/authorities/names/n80126131
=830  \0$aU.S. Forest Service research note PNW ;$v40.
=856  41$uhttps://archive.org/details/snowdamagetoconi40will
=912  \\$analcatalog
=930  \\$a20170308$b00000000$c00000000
=945  \\$aDigiMet
=945  \\$p14
=946  \\$aUSDA
=959  \\$c2014-05-06$earojas$gap
=994  \\$a92$bAGL

