=LDR  02611cam a2200649 i 4500
=001  9915540341007426
=005  20240620111149.0
=008  910105s1989\\\\dcua\\\\\bf\\f000\0\eng\\
=010  \\$a   90600253 
=016  7\$aCAT10410368$2DNAL
=019  \\$a1225651496
=035  \\$a481535
=035  \\$a(OCoLC)21453756$z(OCoLC)1225651496
=035  \\$a(DNAL)481535-naldb-Voyager
=035  \\$z(OCoLC)1225651496
=040  \\$aDLC$beng$erda$cDLC$dZFM$dAGL$dGPO$dPAD$dOLA$dBTCTA$dUDR$dOCLCO$dOLA$dOCLCF$dOCLCQ$dOCL$dOLA$dOCLCQ$dSFR$dAGM$dWURST$dOCLCQ
=043  \\$an-us---
=049  \\$aAGLL
=050  00$aS622$b.U552a vol. 161$aTD428.A37
=070  0\$a1.96$bAd6Tp no.161
=072  \0$aP200
=074  \\$a120-A
=086  0\$aA 57.6/2:W 29
=100  1\$aTerrell, Charles R.,$ecreator.$0http://id.loc.gov/authorities/names/no90022088
=245  10$aWater quality indicators guide :$bsurface waters /$cCharles R. Terrell, Patricia Bytnar Perfetti.
=264  \1$a[Washington, D.C.] :$bU.S. Department of Agriculture, Soil Conservation Service,$c[1989]
=300  \\$aiv, 129 pages :$billustrations (some color) ;$c28 cm
=336  \\$atext$btxt$2rdacontent
=337  \\$aunmediated$bn$2rdamedia
=338  \\$avolume$bnc$2rdacarrier
=490  1\$aSCS-TP ;$v161
=504  \\$aIncludes bibliographical references (pages 81-82).
=530  \\$aAlso available online in PDF format.
=591  \\$bNAL Reclamation
=593  \\$fAgricola CAT
=650  \0$aAgricultural pollution$vHandbooks, manuals, etc.
=650  \0$aWater quality biological assessment$vHandbooks, manuals, etc.
=650  \0$aNonpoint source pollution$vHandbooks, manuals, etc.
=650  \3$awater quality.
=650  \3$aagriculture.
=650  \3$apollution.
=650  \3$anonpoint source pollution.
=655  \3$aInternet resource.
=655  \7$aHandbooks and manuals.$2fast$0(OCoLC)fst01423877
=700  1\$aPerfetti, Patricia.
=710  1\$aUnited States.$bSoil Conservation Service,$epublisher.$0http://id.loc.gov/authorities/names/n78085479
=776  08$iOnline version:$aTerrell, Charles R.$tWater quality indicators guide.$d[Washington, D.C.] : U.S. Dept. of Agriculture, Soil Conservation Service, [1989]$w(OCoLC)624386293
=830  \0$aSCS-TP ;$v161.
=841  \\$ax   $b9010110u    0   4   uu   1901011$ez
=852  \\$aDNAL$iaTD223.T4
=856  41$uhttps://archive.org/details/waterqualityindi161terr
=912  \\$analcatalog
=930  \\$a20140702$b20140807$c00000000
=938  \\$aBaker and Taylor$bBTCP$n90600253
=945  \\$dARS$e90/07/11$fJR$g90/09/26
=945  \\$p146
=945  \\$aDigiMet
=946  \\$aUSDA
=994  \\$a92$bAGL

