=LDR  01798cam a2200517Ia 4500
=001  9915541273307426
=005  20240620113918.0
=008  890203s1972\\\\dcuae\\\\\\\\f000\0\eng\d
=016  7\$aCAT10305656$2DNAL
=019  \\$a213772308
=035  \\$a351733
=035  \\$a(OCoLC)10608477$z(OCoLC)213772308
=035  \\$a(DNAL)351733-naldb-Voyager
=035  \\$z(OCoLC)213772308
=040  \\$aGEC$beng$cGEC$dAGL$dOCLCQ$dOCLCO$dOCLCF$dOCLCA$dOCL$dGPO
=049  \\$aAGLX
=050  \0$aS21$b.A46 no.1252
=070  0\$a1$bAg84M no.1252
=072  \0$aN100
=072  \0$aE700
=072  \0$aL100
=074  \\$a13-A
=086  0\$aA 1.38:1252
=245  00$aLivestock market.
=260  \\$aWashington, D.C. :$bU.S. Dept. of Agriculture, Agricultural Research Service,$c1972.
=300  \\$a1 sheet (2 pages) :$billustrations, plans ;$c28 cm.
=336  \\$atext$btxt$2rdacontent
=337  \\$aunmediated$bn$2rdamedia
=338  \\$asheet$bnb$2rdacarrier
=490  1\$aMiscellaneous publication / United States Department of Agriculture ;$vno. 1252
=591  \\$bNAL Reclamation
=593  \\$fAgricola CAT
=650  \0$aFarm buildings$vDesigns and plans.
=650  \0$aLivestock$xMarketing.$0http://id.loc.gov/authorities/subjects/sh85077800
=655  \3$aInternet resource.
=655  \7$aArchitectural drawings.$2fast$0(OCoLC)fst01986246
=710  1\$aUnited States.$bAgricultural Research Service.
=830  \0$aMiscellaneous publication (United States. Department of Agriculture) ;$vno. 1252.
=841  \\$ax   $b8709220u    0   4   uu   1870922$ez
=852  \\$aDNAL$i1 Ag84M no.1252
=856  41$uhttps://archive.org/details/livestockmarket1252unit
=912  \\$analcatalog
=930  \\$a20140305$b20140404$c00000000
=945  \\$aXIU
=945  \\$p8
=945  \\$aDigiMet
=946  \\$aUSDA
=994  \\$a92$bAGL

