=LDR  01964cam a2200529Ia 4500
=001  9915541296907426
=005  20240620113930.0
=008  890419s1974\\\\dcuae\\\\\\\\f000\0\eng\d
=016  7\$aCAT10309396$2DNAL
=019  \\$a805949393
=035  \\$a351771
=035  \\$a(OCoLC)02279795$z(OCoLC)805949393
=035  \\$a(DNAL)351771-naldb-Voyager
=035  \\$z(OCoLC)805949393
=040  \\$aGPO$beng$cGPO$dAGL$dOCLCQ$dOCLCO$dOCLCA$dOCLCF$dOCLCQ$dOCLCO$dOCLCA$dSFR$dOCLCA$dOCL
=043  \\$an-us---
=049  \\$aAGLY
=050  \0$aS21$b.A46 no.1288
=070  0\$a1$bAg84M no.1288
=072  \0$aU100
=074  \\$a103-A
=086  0\$aA 1.38:1288
=245  00$a3-bedroom house with carport.
=246  3\$aThree bedroom house with carport
=260  \\$aWashington, D.C. :$bU.S. Dept. of Agriculture,$c1974.
=300  \\$a1 sheet (2 pages) :$billustrations, plans ;$c27 cm.
=336  \\$atext$btxt$2rdacontent
=337  \\$aunmediated$bn$2rdamedia
=338  \\$asheet$bnb$2rdacarrier
=490  1\$aMiscellaneous publication / United States Department of Agriculture ;$vno. 1288
=591  \\$bNAL Reclamation
=593  \\$fAgricola CAT
=650  \0$aArchitecture, Domestic$zUnited States$vDesigns and plans.
=651  \7$aUnited States.$2fast$0(OCoLC)fst01204155
=655  \3$aInternet resource.
=655  \7$aArchitectural drawings.$2fast$0(OCoLC)fst01986246
=710  1\$aUnited States.$bAgricultural Research Service.
=776  08$iOnline version:$t3-bedroom house with carport.$dWashington, D.C. : U.S. Dept. of Agriculture, 1974$w(OCoLC)622489061
=830  \0$aMiscellaneous publication (United States. Department of Agriculture) ;$vno. 1288.
=841  \\$ax   $b8709220u    0   4   uu   1870922$ez
=852  \\$aDNAL$i1 Ag84M no.1288
=856  40$uhttps://archive.org/details/3bedroomhousewit1288unit
=912  \\$analcatalog
=930  \\$a20140305$b20140404$c00000000
=945  \\$aUIU
=945  \\$p8
=945  \\$aDigiMet
=946  \\$aUSDA
=994  \\$a92$bAGL

