=LDR  01530cam a2200433 a 4500
=001  9915541407807426
=005  20240624181652.0
=008  890419s1971\\\\dcu\\\\\\b\\\f00010\eng\\
=010  \\$a   79616240  //r85
=016  7\$aCAT10309534$2DNAL
=035  \\$a(OCoLC)ocm00293263 890419
=035  \\$90309-53460
=035  \\$a351780
=035  \\$a(DNAL)351780-naldb-Voyager
=040  \\$aDLC$cDLC$dAGL
=043  \\$an-us---
=049  \\$aAGLX
=070  0\$a1$bAg84M no.1222
=072  \0$aE200
=086  0\$aA 1.38:1222
=100  10$aHarrison, Virden L.
=245  10$aFinancial management research in farming in the United States :$ban annotated bibliography of recent publications and current work /$c[by Virden L. Harrison].
=260  0\$aWashington, D.C. :$bU.S. Dept. of Agriculture, Economic Research Service,$c1971.
=300  \\$av, 78 p. ;$c27 cm.
=490  0\$aMiscellaneous publication / United States Department of Agriculture ;$vno. 1222
=500  \\$aCover title.
=593  \\$fAgricola CAT
=650  \0$aFarm management$zUnited States$xBibliography.
=650  \0$aAgriculture$xEconomic aspects$zUnited States$xBibliography.
=655  \3$aInternet resource
=841  \\$ax   $b8709220u    0   4   uu   1870922$ez
=852  \\$aDNAL$i1 Ag84M no.1222
=856  41$uhttps://archive.org/details/financialmanagem1222harr
=912  \\$analcatalog
=930  \\$a20140305$b20140404$c00000000
=939  \\$a20130417$b20130503$c00000000
=945  \\$aXIU
=945  \\$p92
=945  \\$aDigiMet
=946  \\$aUSDA
=959  \\$c2013-04-17$essouder$gde

