=LDR  01803cam a2200505Ia 4500
=001  9915541695707426
=005  20240620114105.0
=008  890419s1972\\\\dcuae\\\\\\\\f000\0\eng\d
=016  7\$aCAT10309582$2DNAL
=019  \\$a213773147
=035  \\$a351676
=035  \\$a(OCoLC)08733321$z(OCoLC)213773147
=035  \\$a(DNAL)351676-naldb-Voyager
=035  \\$z(OCoLC)213773147
=040  \\$aUMC$beng$cUMC$dAGL$dIUL$dOCLCQ$dOCLCF$dOCLCO$dOCLCQ$dOCLCA$dCSF$dOCLCA$dOCL$dGPO
=049  \\$aAGLX
=050  \0$aS21$b.A46 no. 1236
=070  0\$a1$bAg84M no.1236
=072  \0$aN100
=072  \0$aL100
=074  \\$a0013-A
=086  0\$aA 1.38:1236
=245  00$aDairy barn :$bpole-frame construction.
=246  3\$aDairy barn, pole frame construction
=260  \\$aWashington, D.C. :$bAgricultural Engineering Research Division, Agricultural Research Service,$c1972.
=300  \\$a1 sheet (2 pages) :$billustrations, plans ;$c28 cm.
=336  \\$atext$btxt$2rdacontent
=337  \\$aunmediated$bn$2rdamedia
=338  \\$asheet$bnb$2rdacarrier
=490  1\$aMiscellaneous publication / United States Department of Agriculture ;$vno. 1236
=591  \\$bNAL Reclamation
=593  \\$fAgricola CAT
=650  \0$aDairy barns$vDesigns and plans.
=655  \3$aInternet resource.
=655  \7$aArchitectural drawings.$2fast$0(OCoLC)fst01986246
=710  1\$aUnited States.$bAgricultural Research Service.
=830  \0$aMiscellaneous publication (United States. Department of Agriculture) ;$vno. 1236.
=841  \\$ax   $b8709220u    0   4   uu   1870922$ez
=852  \\$aDNAL$i1 Ag84M no.1236
=856  41$uhttps://archive.org/details/dairybarnpolefra1236unit
=912  \\$analcatalog
=930  \\$a20140305$b20140404$c00000000
=945  \\$aXIU
=945  \\$p8
=945  \\$aDigiMet
=946  \\$aUSDA
=994  \\$a92$bAGL

