=LDR  01989cam a2200517Ia 4500
=001  9915543198507426
=005  20240624185435.0
=007  he\bmb024bbca
=008  961107s1996\\\\mnub\\\\bb\\\f001\0\eng\d
=016  7\$aCAT10816773$2DNAL
=035  \\$a782688
=035  \\$a(OCoLC)35230432
=035  \\$a(DNAL)782688-naldb-Voyager
=040  \\$aGPO$beng$cGPO$dOCLCQ$dAGL$dOCLCQ$dOCLCF$dOCLCQ$dOCLCO$dOCLCQ$dOCL$dAKP
=049  \\$aAGLL
=050  \0$aSD143$b.U4672 no.166
=070  0\$aFiche$bS-133 (A 13.80:NC-166 )
=072  \0$aK200
=074  \\$a0083-B-05 (MF)
=086  0\$aA 13.80:NC-166
=100  1\$aSchmidt, Thomas L.
=245  13$aAn annotated bibliography of eastern redcedar /$cThomas L. Schmidt and Ronald J. Piva.
=260  \\$aSt. Paul, Minn. (1992 Folwell Ave., St. Paul 55108) :$bU.S. Dept. of Agriculture, Forest Service, North Central Forest Experiment Station,$c1996.
=300  \\$a93 pages :$bmap ;$c28 cm.
=336  \\$atext$btxt$2rdacontent
=337  \\$amicroform$bh$2rdamedia
=338  \\$amicrofiche$bhe$2rdacarrier
=490  1\$aResource bulletin NC ;$v166
=530  \\$aAlso available on the Internet.
=533  \\$aMicrofiche.$b[Washington, D.C.?] :$cSupt. of Docs., U.S. G.P.O.,$d[1996].$e2 microfiches : negative.
=591  \\$bNAL Reclamation
=593  \\$fAgricola CAT
=650  \0$aEastern redcedar$vBibliography.
=655  \7$aBibliographies.$2fast$0(OCoLC)fst01919895
=700  1\$aPiva, Ronald J.
=710  2\$aNorth Central Forest Experiment Station (Saint Paul, Minn.)$0http://id.loc.gov/authorities/names/n80044737
=830  \0$aResource bulletin NC ;$v166.
=856  41$uhttp://www.nrs.fs.fed.us/pubs/rb/rb%5Fnc166.pdf
=856  41$uhttps://archive.org/details/annotatedbibliog166schm
=912  \\$analcatalog
=930  \\$a20140702$b20140807$c00000000
=939  \\$a20130604$b20130705$c00000000
=939  \\$a20040802$b20040901$c00000000
=945  \\$aDigiMet
=945  \\$p108
=946  \\$aUSDA
=959  \\$c2013-06-04$essouder$gurlc
=994  \\$a92$bAGL

