=LDR  01958cam a2200493Ia 4500
=001  9915543389407426
=005  20240624185504.0
=008  950324s1993\\\\mdua\\\\\b\\\f000\0\eng\\
=016  7\$aCAT10693055$2DNAL
=035  \\$a712243
=035  \\$a(OCoLC)32194532
=035  \\$a(DNAL)712243-naldb-Voyager
=040  \\$aAGL$beng$cAGL$dOCLCQ$dOKU$dOCLCO$dOCLCA$dOCLCF$dOCLCQ$dOCLCA$dAGL
=049  \\$aAGLL
=050  \0$aTX553$b.U5A5
=070  0\$a1$bAg84M no.1514
=072  \0$aT100
=072  \0$aT000
=100  1\$aWelsh, Susan O.
=245  10$aUSDA's food guide :$bbackground and development /$cprepared by Susan O. Welsh, Carole Davis, Anne Shaw.
=260  \\$aHyattsville, Md. :$bU.S. Dept. of Agriculture, Human Nutrition Information Service,$c[1993]
=300  \\$aiv, 38 pages :$billustrations ;$c28 cm.
=336  \\$atext$btxt$2rdacontent
=337  \\$aunmediated$bn$2rdamedia
=338  \\$avolume$bnc$2rdacarrier
=490  1\$aMiscellaneous publication ;$vno. 1514
=504  \\$aIncludes bibliographical references (pages 35-38).
=591  \\$bNAL Reclamation
=593  \\$fAgricola CAT
=650  \0$aNutrition.$0http://id.loc.gov/authorities/subjects/sh85093451
=650  \0$aDiet.$0http://id.loc.gov/authorities/subjects/sh85037853
=655  \3$aInternet resource.
=700  1\$aDavis, Carole.
=700  1\$aShaw, Anne$q(Anne Meads)$0http://id.loc.gov/authorities/names/no2011112083
=710  1\$aUnited States.$bDepartment of Agriculture.$bHuman Nutrition Information Service.$0http://id.loc.gov/authorities/names/n82043807
=830  \0$aMiscellaneous publication (United States. Department of Agriculture) ;$vno. 1514.
=856  41$uhttps://archive.org/details/usdasfoodguideba1514wels
=912  \\$analcatalog
=930  \\$a20140305$b20140404$c00000000
=939  \\$a19950404$b19950410$c00000000
=945  \\$dml$e95/03/24$fsp$g95/03/28$n1
=945  \\$p52
=945  \\$aDigiMet
=946  \\$aUSDA
=959  \\$c2013-04-02$essouder$gap
=994  \\$a92$bAGL

