=LDR  01909cam a2200505Ia 4500
=001  9915544433707426
=005  20240620123218.0
=007  he\bmb024bbca
=008  980212s1996\\\\utua\\\\bb\\\f000\0\eng\d
=016  7\$aCAT10841747$2DNAL
=035  \\$a800185
=035  \\$a(OCoLC)37465605
=035  \\$a(DNAL)800185-naldb-Voyager
=040  \\$aGPO$beng$cGPO$dOCLCQ$dOCLCF$dOCLCQ$dOCLCO$dOCLCQ$dOCLCA$dUOK$dTKN$dAGL
=043  \\$an-us-co
=049  \\$aAGLL
=050  \0$aSD11.E23$bP3 no.INT-RP-489
=070  0\$aFiche$bS-133 (A 13.78:INT-RP-489 )
=072  \0$aK800
=074  \\$a0083-B (MF)
=086  0\$aA 13.78:INT-RP-489
=100  1\$aHarrington, Michael G.
=245  10$aFall rates of prescribed fire-killed ponderosa pine /$cMichael G. Harrington.
=260  \\$aOgden, Utah :$bU.S. Dept. of Agriculture, Forest Service, Intermountain Research Station,$c[1996]
=300  \\$a7 pages :$billustrations ;$c28 cm.
=336  \\$atext$btxt$2rdacontent
=337  \\$amicroform$bh$2rdamedia
=338  \\$amicrofiche$bhe$2rdacarrier
=490  1\$aResearch paper INT ;$vRP-489
=504  \\$aIncludes bibliographical references (pages 6-7).
=533  \\$aMicrofiche.$b[Washington, D.C.?] :$cSupt. of Docs., U.S. G.P.O.,$d1997.$e1 microfiche : negative.
=591  \\$bNAL Reclamation
=593  \\$fAgricola CAT
=650  \0$aPrescribed burning$zColorado.
=650  \0$aPonderosa pine.$0http://id.loc.gov/authorities/subjects/sh85104789
=651  \7$aColorado.$2fast$0(OCoLC)fst01210251
=655  \3$aInternet resource.
=710  2\$aIntermountain Research Station (Ogden, Utah)$0http://id.loc.gov/authorities/names/n85066590
=830  \0$aResearch paper INT ;$v489.
=856  41$uhttps://archive.org/details/fallratesofpresc489harr
=912  \\$analcatalog
=930  \\$a20140305$b20140404$c00000000
=939  \\$a19980301$b19980309$c00000000
=945  \\$aDigiMet
=945  \\$p16
=946  \\$aOther US
=994  \\$a92$bAGL

