=LDR  01526cam a2200433I  4500
=001  9915545124807426
=005  20240620124500.0
=008  950509s1944\\\\mx\d\\\\\\\\\\000\0\eng\\
=010  \\$a   46012168 
=016  7\$aCAT10968437$2DNAL
=035  \\$a732643
=035  \\$a(OCoLC)01690923
=035  \\$a(DNAL)732643-naldb-Voyager
=040  \\$aDLC$beng$cFQG$dOCLCQ$dAGL$dOCLCG$dOCLCA$dOCLCQ$dOCLCF$dOCLCO
=049  \\$aRQIB
=050  00$aTP680$b.M36
=070  0\$a307$bM34
=072  \0$aQ005
=100  1\$aMarkley, Klare S.$q(Klare Stephen),$d1895-1973.$0http://id.loc.gov/authorities/names/n82059383
=245  10$a... Vegetable oils that the United States needs from the American tropics,$cby K.S. Markley ...
=260  \\$aMexico, D.F.,$c1944.
=300  \\$a27 pages$bincluding tables,$c23 cm.
=336  \\$atext$btxt$2rdacontent
=337  \\$aunmediated$bn$2rdamedia
=338  \\$avolume$bnc$2rdacarrier
=490  0\$aPublicaciones del Comité permanente de la segunda Conferencia interamericana de agricultra, sección 9A.
=590  \\$aAlso 1.932 A2Ag8 no.173.
=591  \\$bNAL Reclamation
=593  \\$fAgricola CAT
=650  \0$aOils and fats.$0http://id.loc.gov/authorities/subjects/sh85094407
=650  \3$aplant-based foods.
=650  \3$ahorticultural crops.
=655  \3$aInternet resource.
=856  41$uhttps://archive.org/details/vegetableoilstha17mark
=911  \\$ichl00138213
=912  \\$analcatalog
=930  \\$a20140305$b20140404$c00000000
=945  \\$aDigiMet
=945  \\$p38
=946  \\$aNon-US
=994  \\$a92$bAGL

