=LDR  01132cam a22003493  4500
=001  9915545247407426
=005  20240624192752.0
=008  800401s1966\\\\dcu\\\\\\\\\\f000\0\eng\d
=016  7\$aCAT10227968$2DNAL
=035  \\$a195328
=035  \\$a(OCoLC)1084299826
=035  \\$a(DNAL)195328-naldb-Voyager
=040  \\$aGPO$beng$cGPO$dOCLCO$dOCLCF$dAGL
=049  \\$aAGLL
=070  \\$aA281.9$bF76Fm no. 172
=072  \0$a1500
=086  0\$aA 67.26:172
=245  00$aStorage life of dairy products /$c[compiled by Dairy and Poultry Division].
=260  \\$a[Washington, D.C.,$c1966].
=300  \\$a[3] p. :$bill.
=490  0\$aForeign Agricultural Service FAS M (series) ;$v172.
=591  \\$bNAL Reclamation
=593  \\$fAgricola CAT
=650  \0$aDairy products$xStorage.
=655  \3$aInternet resource.
=710  1\$aUnited States.$bForeign Agricultural Service.$0http://id.loc.gov/authorities/names/n80126196
=856  41$uhttps://archive.org/details/storagelifeofdai172unit
=912  \\$analcatalog
=930  \\$a20140306$b00000000$c00000000
=945  \\$aDigiMet
=945  \\$p8
=946  \\$aUSDA
=959  \\$c2014-03-06$earojas$gap
=994  \\$a92$bAGL

