=LDR  01128cam a2200349M  4500
=001  9915545328607426
=005  20240624192818.0
=008  800401s1966\\\\dcu\\\\\\\\\\\000\0\eng\d
=016  7\$aCAT10228127$2DNAL
=035  \\$a195638
=035  \\$a(OCoLC)1289147044
=035  \\$a(DNAL)195638-naldb-Voyager
=040  \\$aAGL$beng$cAGL
=049  \\$aAGLL
=070  \\$aA280.29$bF22I no. 52
=072  \0$a0500
=100  1\$aAbrahamsen, Martin A.$q(Martin Abraham),$d1908-
=245  10$aCooperatives, today and tomorrow,$cby Martin A. Abrahamsen.
=260  \\$a[Washington,$c1966]
=300  \\$aiii, 22 p.$billus.$c15 x 22 cm.
=490  1\$aU.S. Farmer Cooperative Service. Information, 52
=591  \\$bNAL Reclamation
=593  \\$fAgricola CAT
=650  \0$aCooperation$xSocieties, etc.$zUnited States.
=655  \3$aInternet resource.
=810  2\$aUnited States.$bFarmer Cooperative Service.$tInformation,$v52.
=856  41$uhttps://archive.org/details/cooperativestoda52abra
=912  \\$analcatalog
=930  \\$a20140306$b20140404$c00000000
=945  \\$aDigiMet
=945  \\$p34
=946  \\$aUSDA
=959  \\$c2014-03-06$earojas$gap
=994  \\$a92$bAGL

