=LDR  02332cam a2200601 a 4500
=001  9915545339507426
=005  20240620124530.0
=008  980213s1998\\\\dcua\\\\\b\\\f000\0\eng\\
=010  \\$a   98111773 
=016  7\$aCAT10841986$2DNAL
=019  \\$a228288654$a1225670469
=035  \\$a808578
=035  \\$a(OCoLC)38419534$z(OCoLC)228288654$z(OCoLC)1225670469
=035  \\$a(DNAL)808578-naldb-Voyager
=035  \\$z(OCoLC)228288654$z(OCoLC)1225670469
=040  \\$aDLC$beng$cDLC$dAGL$dGPO$dAGL$dYDXCP$dOCLCO$dOCLCA$dOCLCF$dOCLCQ$dOCLCA
=043  \\$an-us---
=049  \\$aAGLL
=050  00$aHD1476.U5$bU75 1998
=070  0\$a1$bAg84M no.1545
=072  \0$aE200
=074  \\$a0013-A
=086  0\$aA 1.38:1545
=110  2\$aUSDA National Commission on Small Farms.$0http://id.loc.gov/authorities/names/no98065309
=245  12$aA time to act :$ba report of the USDA National Commission on Small Farms.
=260  \\$a[Washington, D.C.] :$bThe Commission,$c[1998]
=300  \\$a121 pages :$billustrations (some color) ;$c28 cm.
=336  \\$atext$btxt$2rdacontent
=337  \\$aunmediated$bn$2rdamedia
=338  \\$avolume$bnc$2rdacarrier
=490  1\$aMiscellaneous publication ;$v1545
=504  \\$a"January 1998."
=504  \\$aIncludes bibliographical references.
=591  \\$bNAL Reclamation
=593  \\$fAgricola CAT
=650  \0$aFarms, Small$xGovernment policy$zUnited States.
=650  \0$aAgriculture and state$zUnited States.$0http://id.loc.gov/authorities/subjects/sh85002491
=651  \7$aUnited States.$2fast$0(OCoLC)fst01204155
=655  \3$aInternet resource.
=776  08$iOnline version:$aUSDA National Commission on Small Farms.$tTime to act.$d[Washington, D.C.] : The Commission, [1998]$w(OCoLC)622976135
=830  \0$aMiscellaneous publication (United States. Department of Agriculture) ;$vno. 1545.
=856  41$uhttps://archive.org/details/timetoact1545usda
=912  \\$analcatalog
=930  \\$a20170518$b20170601$c00000000
=938  \\$aYBP Library Services$bYANK$n1541538
=939  \\$a20140305$b20140404$c00000000
=939  \\$a19981102$b19981110$c00000000
=939  \\$a19980301$b19980309$c00000000
=939  \\$a19981016$b00000000$c00000000
=945  \\$dsam$e98/02/11$fsp$g98/02/13
=945  \\$p128
=945  \\$aDigiMet
=946  \\$aUSDA
=947  \\$aAFSIC Collection
=994  \\$a92$bAGL

