=LDR  01595cam a2200421Mi 4500
=001  9915545355507426
=005  20240624192816.0
=008  800401s1966\\\\dcua\\\\\\\\\f000\0\eng\d
=016  7\$aCAT10228126$2DNAL
=035  \\$a195637
=035  \\$a(OCoLC)929785804
=035  \\$a(DNAL)195637-naldb-Voyager
=040  \\$aWVU$beng$cWVU$dOCLCO$dOCLCF$dOCLCQ$dAGL
=049  \\$aAGLL
=070  \\$aA280.29$bF22I no. 54
=072  \0$a0500
=086  0\$aA 89.15:54/976
=100  1\$aAbrahamsen, Martin A.$q(Martin Abraham),$d1908-$0http://id.loc.gov/authorities/names/n81058674
=245  10$aApproaches and problems in merging cooperatives.
=260  \\$aWashington :$bFarmer Cooperative Service, U.S. Dept. of Agriculture,$c1976.
=300  \\$a31 pages :$billustrations.
=336  \\$atext$btxt$2rdacontent
=337  \\$aunmediated$bn$2rdamedia
=338  \\$avolume$bnc$2rdacarrier
=490  1\$aU.S. Farmer Cooperative Service. FCS information ;$v54
=591  \\$bNAL Reclamation
=593  \\$fAgricola CAT
=650  \0$aCooperative societies.$0http://id.loc.gov/authorities/subjects/sh85032217
=655  \3$aInternet resource.
=700  1\$aMather, J. Warren$q(James Warren),$d1911-$0http://id.loc.gov/authorities/names/n50064587
=710  1\$aUnited States.$bFarmer Cooperative Service.$0http://id.loc.gov/authorities/names/n79086753
=830  \0$aFCS information ;$v54.
=856  41$uhttps://archive.org/details/approachesproble54abra
=912  \\$analcatalog
=930  \\$a20140306$b20140404$c00000000
=945  \\$aDigiMet
=945  \\$p40
=946  \\$aUSDA
=959  \\$c2014-03-06$earojas$gap
=994  \\$a92$bAGL

