=LDR  01977cam a2200517Ia 4500
=001  9915545360507426
=005  20240624192810.0
=008  800401s1966\\\\dcua\\\\\\\\\f000\0\eng\d
=016  7\$aCAT10227847$2DNAL
=035  \\$a195090
=035  \\$a(OCoLC)70066211
=035  \\$a(DNAL)195090-naldb-Voyager
=040  \\$aIWA$beng$cIWA$dIWA$dOCLCF$dOCLCO$dOCLCQ$dOCLCA$dAGL
=049  \\$aAGLL
=050  \0$aSB953$bT34x 1966
=070  \\$aA420$bR31 no. 109
=072  \0$a3000
=086  0\$aA 77.15:33-109
=100  1\$aTaft, Harrie M.,$d1922-$eauthor.
=245  12$aA low-volume mist sprayer for applying insecticide concentrates from ground equipment /$cby H.M. Taft and A.R. Hopkins.
=260  \\$a[Washington, D.C.] :$bU.S. Dept. of Agriculture, Agricultural Research Service,$c[1966]
=300  \\$a11 pages :$billustrations ;$c26 cm.
=336  \\$atext$btxt$2rdacontent
=337  \\$aunmediated$bn$2rdamedia
=338  \\$avolume$bnc$2rdacarrier
=490  1\$aARS-33-109
=530  \\$aAlso available online.
=591  \\$bNAL Reclamation
=593  \\$fAgricola CAT
=650  \0$aSpraying equipment.$0http://id.loc.gov/authorities/subjects/sh85126993
=650  \0$aSpraying.$0http://id.loc.gov/authorities/subjects/sh85126990
=650  \0$aPesticides$xApplication.$0http://id.loc.gov/authorities/subjects/sh85100274
=650  \0$aInsecticides$xEquipment and supplies.
=655  \3$aInternet resource.
=700  1\$aHopkins, A. R.$q(Alfred R.),$d1927-$eauthor.
=710  1\$aUnited States.$bAgricultural Research Service.
=830  \0$aARS (Series) (United States. Agricultural Research Service) ;$v33-109.
=856  41$uhttps://archive.org/details/lowvolumemistspr109taft
=912  \\$analcatalog
=930  \\$a20201015$b00000000$c00000000
=939  \\$a20140411$b20140502$c00000000
=939  \\$a20131022$b20131101$c00000000
=945  \\$aDigiMet
=945  \\$p18
=946  \\$aUSDA
=959  \\$c2013-10-22$essouder$gurl
=959  \\$c2020-10-15$ecbarone$gother
=994  \\$a92$bAGL

