=LDR  02492cam a2200589 a 4500
=001  9915502771607426
=005  20240624182452.0
=008  800401s1966\\\\dcua\\\\\b\\\f001\0\eng\d
=016  7\$aCAT10229039$2DNAL
=035  \\$a197415
=035  \\$a(OCoLC)00847167
=035  \\$a(DNAL)197415-naldb-Voyager
=040  \\$aCHS$beng$cCHS$dOCLCQ$dOCLCG$dOCLCQ$dNGU$dNUI$dOCLCF$dOCLCQ$dOCLCO$dEUW$dOCLCO$dOCLCA$dOCLCQ$dOCLCA$dCSA$dGZH$dAGL$dOCLCQ
=049  \\$aAGLL
=050  \0$aTX541$b.M4
=070  \\$aA321.9$bR31 no. 13
=072  \0$a4000
=086  0\$aA 77.15:62-13
=100  1\$aMerrill, Annabel L.$q(Annabel Laura),$d1905-1996.
=245  10$aProcedures for calculating nutritive values of home-prepared foods :$bas used in Agriculture handbook no. 8, "Composition of foods--raw, processed, prepared," revised 1963 /$cby Annabel L. Merrill, Catherine F. Adams, Lillian J. Fincher.
=260  \\$a[Washington] :$bAgricultural Research Service, U.S. Dept. of Agriculture,$c[1966]
=300  \\$ai, 35 pages :$billustrations ;$c32 cm
=336  \\$atext$btxt$2rdacontent
=337  \\$aunmediated$bn$2rdamedia
=338  \\$avolume$bnc$2rdacarrier
=490  1\$aARS ;$v62-13
=504  \\$aIncludes bibliographical references (page 8) and index.
=591  \\$bNAL Reclamation
=593  \\$fAgricola CAT
=650  \0$aFood$xComposition$vTables.
=650  \0$aFood$xTables.
=650  \0$aNutrition$vTables.
=650  \2$aFood Analysis
=650  \2$aNutritional Physiological Phenomena
=655  \2$aTables
=655  \3$aInternet resource.
=655  \7$aTables.$2fast$0(OCoLC)fst01423914
=655  \7$aTables (Data)$2lcgft
=700  1\$aAdams, Catherine F.,$d1915-$0http://id.loc.gov/authorities/names/n81108911
=700  1\$aFincher, Lillian J.$q(Lillian Juanita),$d1905-$0http://id.loc.gov/authorities/names/no99036742
=700  1\$aWatt, Bernice K.$q(Bernice Kunerth),$d1910-1984.
=700  1\$aWatt, Bernice K.$q(Bernice Kunerth),$d1910-1984.$tComposition of foods--raw, processed, prepared.
=710  1\$aUnited States.$bAgricultural Research Service.
=740  0\$aComposition of foods: raw, processed, prepared.
=830  \0$aARS (Series) (United States. Agricultural Research Service) ;$v62-13.
=856  41$uhttps://archive.org/details/proceduresforcal6213merr
=912  \\$analcatalog
=930  \\$a20140505$b20140606$c00000000
=939  \\$a20100127$b20100205$c00000000
=945  \\$aDigiMet
=945  \\$p44
=946  \\$aUSDA
=959  \\$c2010-01-27$eryounger$gap
=994  \\$a92$bAGL

