=LDR  01755cam a2200481Ia 4500
=001  9915502841107426
=005  20240624182449.0
=008  800401s1966\\\\dcua\\\\\b\\\f000\0\eng\d
=016  7\$aCAT10229311$2DNAL
=035  \\$a197942
=035  \\$a(OCoLC)35119610
=035  \\$a(DNAL)197942-naldb-Voyager
=040  \\$aCOF$beng$cCOF$dOCLCQ$dOCLCG$dNUI$dOCLCQ$dOCLCF$dOCLCQ$dCOF$dRIU$dOCLCQ$dAGL
=049  \\$aAGLL
=070  0\$aA56.9$bR31 no. 119
=072  \0$a8500
=086  0\$aA 77.15:41-119
=086  0\$aA 77.14:ARS-41-119
=086  0\$aA 77.14:41-119
=100  1\$aRice, Charles E.$q(Charles Edward),$d1932-$0http://id.loc.gov/authorities/names/n84149456
=245  10$aFriction factors for helical corrugated pipe /$cCharles E. Rice.
=260  \\$a[Washington] :$bU.S. Dept. of Agriculture, Agricultural Research Service,$c1966.
=300  \\$a18 pages :$billustrations ;$c27 cm
=336  \\$atext$btxt$2rdacontent
=337  \\$aunmediated$bn$2rdamedia
=338  \\$avolume$bnc$2rdacarrier
=490  1\$aARS ;$v41-119
=504  \\$aIncludes bibliographical references.
=530  \\$aAlso available online.
=591  \\$bNAL Reclamation
=593  \\$fAgricola CAT
=650  \0$aPipe.$0http://id.loc.gov/authorities/subjects/sh85102328
=650  \0$aFriction.$0http://id.loc.gov/authorities/subjects/sh85051971
=655  \3$aInternet resource.
=830  \0$aARS (Series) (United States. Agricultural Research Service) ;$v41-119.
=856  41$uhttps://archive.org/details/frictionfactorsf11rice
=912  \\$analcatalog
=930  \\$a20201019$b00000000$c00000000
=939  \\$a20131022$b20131101$c00000000
=945  \\$aDigiMet
=945  \\$p24
=946  \\$aUSDA
=959  \\$c2013-10-22$essouder$gurl
=959  \\$c2020-10-19$ecbarone$gother
=994  \\$a92$bAGL

