=LDR  02278cam a2200505Ia 4500
=001  9915502852707426
=005  20240620201307.0
=008  800401s1967\\\\utu\\\\\\b\\\f000\0\eng\d
=016  7\$aCAT10237552$2DNAL
=019  \\$a1039865230$a1231752774
=035  \\$a187474
=035  \\$a(OCoLC)32180132$z(OCoLC)1039865230$z(OCoLC)1231752774
=035  \\$a(DNAL)187474-naldb-Voyager
=035  \\$z(OCoLC)1039865230$z(OCoLC)1231752774
=040  \\$aSDB$beng$cSDB$dNUI$dOCLCQ$dSEA$dOCLCF$dAGM$dAGL
=049  \\$aAGLL
=070  \\$aA99.9$bF764Un no. 67
=072  \0$a4500
=086  0\$aA 13.79:INT-67
=100  1\$aGifford, Gerald F.$0http://id.loc.gov/authorities/names/n82023932
=245  14$aThe influence of growth media, temperatures, and light intensities on aspen root and top growth /$cGerald F. Gifford.
=260  \\$aOgden, Utah :$bU.S. Dept. of Agriculture, Forest Service, Intermountain Forest & Range Experiment Station,$c1967.
=300  \\$a4 pages ;$c27 cm.
=336  \\$atext$btxt$2rdacontent
=337  \\$aunmediated$bn$2rdamedia
=338  \\$avolume$bnc$2rdacarrier
=490  1\$aU.S. Forest Service research note INT ;$v67
=504  \\$aIncludes bibliographical references.
=591  \\$bNAL Reclamation
=593  \\$fAgricola CAT
=650  \0$aPopulus tremuloides$xEffect of temperature on.
=650  \0$aPlants$xEffect of light on.$0http://id.loc.gov/authorities/subjects/sh85102956
=650  \0$aPlant-soil relationships.$0http://id.loc.gov/authorities/subjects/sh85102813
=650  \0$aAspen$xGrowth.
=650  \3$aPopulus tremuloides.
=650  \3$aGrowth factors.
=655  \3$aInternet resource.
=710  2\$aIntermountain Forest and Range Experiment Station (Ogden, Utah)$0http://id.loc.gov/authorities/names/n79062786
=776  08$iOnline version:$aGifford, Gerald F.$tInfluence of growth media, temperatures, and light intensities on aspen root and top growth.$dOgden, Utah : U.S. Dept. of Agriculture, Forest Service, Intermountain Forest & Range Experiment Station, 1967$w(OCoLC)630574074
=830  \0$aU.S. Forest Service research note INT ;$v67.
=856  41$uhttps://archive.org/details/influenceofgrowt67giff
=912  \\$analcatalog
=930  \\$a20140604$b00000000$c00000000
=945  \\$aDigiMet
=945  \\$p8
=946  \\$aUSDA
=994  \\$a92$bAGL

