=LDR  01709cam a2200445Ia 4500
=001  9915502863007426
=005  20240624182450.0
=008  800401s1967\\\\dcua\\\\\\\\\f000\0\eng\d
=016  7\$aCAT10241585$2DNAL
=035  \\$a197670
=035  \\$a(OCoLC)35147535
=035  \\$a(DNAL)197670-naldb-Voyager
=040  \\$aCOF$beng$cCOF$dOCLCQ$dOCLCF$dOCLCQ$dOCLCO$dAGL
=049  \\$aAGLL
=070  0\$aA56.9$bR31 no. 138
=072  \0$a8500
=086  0\$aA 77.15:ARS-41-138
=100  1\$aBlanchard, Bruce John,$eauthor.$0http://id.loc.gov/authorities/names/n93018052
=245  10$aAnchoring automobile bodies for streambank protection /$cBruce J. Blanchard.
=260  \\$a[Washington] :$bAgricultural Research Service, U.S. Dept. of Agriculture,$c1967.
=300  \\$a7 pages :$billustrations ;$c26 cm.
=336  \\$atext$btxt$2rdacontent
=337  \\$aunmediated$bn$2rdamedia
=338  \\$avolume$bnc$2rdacarrier
=490  1\$aARS ;$v41-138
=530  \\$aAlso available online.
=591  \\$bNAL Reclamation
=593  \\$fAgricola CAT
=650  \0$aSoil-binding.$0http://id.loc.gov/authorities/subjects/sh85124319
=650  \0$aSoil conservation.$0http://id.loc.gov/authorities/subjects/sh85124329
=655  \3$aInternet resource.
=710  1\$aUnited States.$bAgricultural Research Service,$eissuing body.$0http://id.loc.gov/authorities/names/n79108942
=830  \0$aARS (Series) (United States. Agricultural Research Service) ;$v41-138.
=856  41$uhttps://archive.org/details/anchoringautomob13blan
=912  \\$analcatalog
=930  \\$a20201016$b00000000$c00000000
=945  \\$aDigiMet
=945  \\$p14
=946  \\$aUSDA
=959  \\$c2013-10-22$essouder$gurl
=959  \\$c2020-10-16$ecbarone$gother
=994  \\$a92$bAGL

