=LDR  02149cam a2200565Ia 4500
=001  9915502864507426
=005  20240624182452.0
=008  800401s1968\\\\dcu\\\\\\b\\\f000\0\eng\d
=016  7\$aCAT10241703$2DNAL
=019  \\$a1084365976
=035  \\$a197895
=035  \\$a(OCoLC)70171041$z(OCoLC)1084365976
=035  \\$a(DNAL)197895-naldb-Voyager
=035  \\$z(OCoLC)1084365976
=040  \\$aIWA$beng$cIWA$dOCLCO$dOCLCQ$dCOD$dOCLCA$dOCLCF$dOCLCA$dAGL
=043  \\$an-us-md
=049  \\$aAGLL
=050  \0$aSB945.A3$bF54x 1968
=070  0\$aA420$bR31 no. 127
=072  \0$a3500
=086  0\$aA 77.15:33-127
=100  1\$aCoan, R. M.,$eauthor.
=245  00$aField evaluation of insecticides for control of the alfalfa weevil in Maryland, 1962-66 /$c[by R.M. Coan [and others].
=260  \\$a[Washington, D.C.?] :$bU.S. Dept. of Agriculture, Agricultural Research Service,$c1968.
=300  \\$a20 pages ;$c26 cm.
=336  \\$atext$btxt$2rdacontent
=337  \\$aunmediated$bn$2rdamedia
=338  \\$avolume$bnc$2rdacarrier
=490  1\$aARS ;$v33-127
=504  \\$aIncludes bibliographical references.
=530  \\$aAlso available online.
=591  \\$bNAL Reclamation
=593  \\$fAgricola CAT
=650  \0$aAlfalfa weevil$xControl.$0http://id.loc.gov/authorities/subjects/sh85003399
=650  \0$aAlfalfa weevil$xDiseases and pests$zMaryland.
=650  \0$aPesticides$xApplication.$0http://id.loc.gov/authorities/subjects/sh85100274
=651  \7$aMaryland.$2fast$0(OCoLC)fst01204739
=655  \3$aInternet resource.
=700  1\$aAdler, V. E.
=700  1\$aBlickenstaff, C. C.$0http://id.loc.gov/authorities/names/n82085036
=700  1\$aSteinhauer, Allen.$0http://id.loc.gov/authorities/names/n87800903
=710  1\$aUnited States.$bAgricultural Research Service.
=830  \0$aARS (Series) (United States. Agricultural Research Service) ;$v33-127.
=856  41$uhttps://archive.org/details/fieldevaluationo127coan
=912  \\$analcatalog
=930  \\$a20201019$b00000000$c00000000
=945  \\$aDigiMet
=945  \\$p26
=946  \\$aUSDA
=959  \\$c2013-10-22$essouder$gurl
=959  \\$c2020-10-19$ecbarone$gother
=994  \\$a92$bAGL

