=LDR  02049cam a2200517 a 4500
=001  9915502890807426
=005  20240624182456.0
=008  800401s1967\\\\oru\\\\\\b\\\f000\0\eng\d
=016  7\$aCAT10237441$2DNAL
=019  \\$a1039835822$a1231835223
=035  \\$a187199
=035  \\$a(OCoLC)58994052$z(OCoLC)1039835822$z(OCoLC)1231835223
=035  \\$a(DNAL)187199-naldb-Voyager
=035  \\$z(OCoLC)1039835822$z(OCoLC)1231835223
=040  \\$aORE$beng$cORE$dOCL$dMTG$dOCLCF$dOCLCO$dOCLCQ$dAGM$dWURST$dOCLCQ$dAGL
=043  \\$an-us-or
=049  \\$aAGLL
=050  \0$aSD143$b.U51 no.55
=070  \\$aA99.9$bF7625U no. 55
=072  \0$a8000
=086  0\$aA 13.79:PNW-55
=100  1\$aDyrness, C. T.$0http://id.loc.gov/authorities/names/n83003215
=245  10$aSoil surface conditions following skyline logging /$cby C.T. Dyrness.
=260  \\$aPortland, Or. :$bPacific Northwest Forest and Range Experiment Station, U.S. Dept. of Agriculture,$c[1967]
=300  \\$a8 pages ;$c28 cm
=336  \\$atext$btxt$2rdacontent
=337  \\$aunmediated$bn$2rdamedia
=338  \\$avolume$bnc$2rdacarrier
=490  1\$aU.S. Forest Service research note PNW ;$v55
=504  \\$aIncludes bibliographical references.
=591  \\$bNAL Reclamation
=593  \\$fAgricola CAT
=650  \0$aForest soils$xEffect of logging on$zOregon$zH.J. Andrews Experimental Forest.
=650  \0$aLogging, Skyline$xEnvironmental aspects$zOregon$zH.J. Andrews Experimental Forest.
=650  \3$acableways.
=650  \3$aforest soils.
=651  \7$aOregon$zH.J. Andrews Experimental Forest.$2fast$0(OCoLC)fst01286172
=655  \3$aInternet resource.
=710  2\$aPacific Northwest Forest and Range Experiment Station (Portland, Or.)$0http://id.loc.gov/authorities/names/n80126131
=830  \0$aU.S. Forest Service research note PNW ;$v55.
=856  41$uhttps://archive.org/details/soilsurfacecondi55dyrn
=912  \\$analcatalog
=930  \\$a20140506$b00000000$c00000000
=945  \\$aDigiMet
=945  \\$p12
=946  \\$aUSDA
=959  \\$c2014-05-06$earojas$gap
=994  \\$a92$bAGL

