=LDR  01894cam a2200493 a 4500
=001  9915502899607426
=005  20240624182450.0
=008  800401s1967\\\\oru\\\\\\b\\\f000\0\eng\d
=016  7\$aCAT10241632$2DNAL
=019  \\$a1039864674$a1231756306
=035  \\$a197758
=035  \\$a(OCoLC)58996445$z(OCoLC)1039864674$z(OCoLC)1231756306
=035  \\$a(DNAL)197758-naldb-Voyager
=035  \\$z(OCoLC)1039864674$z(OCoLC)1231756306
=040  \\$aORE$beng$cORE$dOCL$dOCLCA$dMTG$dOCLCF$dOCLCO$dOCLCQ$dAGM$dWURST$dOCLCQ$dAGL
=049  \\$aAGLL
=050  \0$aSD143$b.U51 no.67
=070  \\$aA99.9$bF7625U no. 67
=072  \0$a4500
=086  0\$aA 13.79:PNW-67
=100  1\$aBruce, David,$d1916-$0http://id.loc.gov/authorities/names/no90018861
=245  10$aNew tools and methods in forest mensuration /$cby David Bruce.
=260  \\$aPortland, Or. :$bPacific Northwest Forest and Range Experiment Station, U.S. Dept. of Agriculture,$c[1967]
=300  \\$a10 pages ;$c28 cm
=336  \\$atext$btxt$2rdacontent
=337  \\$aunmediated$bn$2rdamedia
=338  \\$avolume$bnc$2rdacarrier
=490  1\$aU.S. Forest Service research note PNW ;$v67
=504  \\$aIncludes bibliographical references (page 10).
=591  \\$bNAL Reclamation
=593  \\$fAgricola CAT
=650  \0$aForests and forestry$xMeasurement.$0http://id.loc.gov/authorities/subjects/sh85050716
=650  \3$aforests.
=650  \3$aMeasurement.
=650  \3$aMethodology.
=655  \3$aInternet resource.
=710  2\$aPacific Northwest Forest and Range Experiment Station (Portland, Or.)$0http://id.loc.gov/authorities/names/n80126131
=830  \0$aU.S. Forest Service research note PNW ;$v67.
=856  41$uhttps://archive.org/details/newtoolsmethodsi67bruc
=912  \\$analcatalog
=930  \\$a20140506$b00000000$c00000000
=945  \\$aDigiMet
=945  \\$p14
=946  \\$aUSDA
=959  \\$c2014-05-06$earojas$gap
=994  \\$a92$bAGL

