=LDR  02006cam a2200481Ia 4500
=001  9915502915107426
=005  20240624182455.0
=008  800401s1967\\\\oruk\\\\\b\\\f000\0\eng\d
=016  7\$aCAT10237614$2DNAL
=035  \\$a187656
=035  \\$a(OCoLC)41817253
=035  \\$a(DNAL)187656-naldb-Voyager
=040  \\$aAkJFS$beng$cW7L$dOCLCQ$dRLA$dMTG$dOCLCA$dORX$dOCLCQ$dOCLCO$dOCLCF$dWURST$dAGL
=043  \\$an-us-ak
=049  \\$aAGLL
=050  \0$aSD11$b.A456132 no. 62
=070  \\$aA99.9$bF7625U no. 62
=072  \0$a4500
=086  0\$aA 13.79:PNW-62
=100  1\$aHegg, Karl M.$0http://id.loc.gov/authorities/names/n88616643
=245  12$aA cumulative cubic-foot tally form for point sampling /$cby Karl M. Hegg.
=260  \\$aPortland, Or. :$bPacific Northwest Forest and Range Experiment Station, U.S. Dept. of Agriculture,$c[1967]
=300  \\$a2, [2] pages :$bform ;$c27 cm.
=336  \\$atext$btxt$2rdacontent
=337  \\$aunmediated$bn$2rdamedia
=338  \\$avolume$bnc$2rdacarrier
=490  1\$aU.S. Forest Service research note PNW ;$v62
=504  \\$aIncludes bibliographical references (page 1).
=520  \\$aThe cumulative tally form presented here enables the cruiser of interior Alaska stands to calculate total gross volume, volume by species, or volume by size classes.
=591  \\$bNAL Reclamation
=593  \\$fAgricola CAT
=650  \0$aForests and forestry$zAlaska$zInterior Alaska$xMeasurement.
=650  \0$aForest surveys$zAlaska$zInterior Alaska.
=651  \7$aAlaska$zInterior Alaska.$2fast$0(OCoLC)fst01307662
=655  \3$aInternet resource.
=710  2\$aPacific Northwest Forest and Range Experiment Station (Portland, Or.)$0http://id.loc.gov/authorities/names/n80126131
=830  \0$aU.S. Forest Service research note PNW ;$v62.
=856  40$uhttps://archive.org/details/cumulativecubicf62hegg
=912  \\$analcatalog
=930  \\$a20140506$b00000000$c00000000
=945  \\$aDigiMet
=945  \\$p8
=946  \\$aUSDA
=959  \\$c2014-05-06$earojas$gap
=994  \\$a92$bAGL

