=LDR  01940cam a2200469Ia 4500
=001  9915502933007426
=005  20240620201316.0
=008  800401s1967\\\\utua\\\\\b\\\f000\0\eng\d
=016  7\$aCAT10237608$2DNAL
=035  \\$a187638
=035  \\$a(OCoLC)32180148
=035  \\$a(DNAL)187638-naldb-Voyager
=040  \\$aSDB$beng$cSDB$dOCLCQ$dOCLCF$dOCLCQ$dOCLCO$dSEA$dAGM$dOCLCA$dAGL
=043  \\$an-us-mt
=049  \\$aAGLL
=070  \\$aA99.9$bF764Un no. 66
=072  \0$a4500
=086  0\$aA 13.79:INT-66
=100  1\$aHatch, Charles R.
=245  10$aEffect of partial cutting in overmature lodgepole pine /$cCharles R. Hatch.
=260  \\$aOgden, Utah :$bU.S. Dept. of Agriculture, Forest Service, Intermountain Forest & Range Experiment Station,$c1967.
=300  \\$a7 pages :$billustrations ;$c27 cm.
=336  \\$atext$btxt$2rdacontent
=337  \\$aunmediated$bn$2rdamedia
=338  \\$avolume$bnc$2rdacarrier
=490  1\$aU.S. Forest Service research note INT ;$v66
=504  \\$aIncludes bibliographical references (page 7).
=591  \\$bNAL Reclamation
=593  \\$fAgricola CAT
=650  \0$aLodgepole pine$zMontana.
=650  \0$aClearcutting.$0http://id.loc.gov/authorities/subjects/sh85026905
=650  \3$aPinus contorta.
=651  \7$aMontana.$2fast$0(OCoLC)fst01207555
=655  \3$aInternet resource.
=710  2\$aIntermountain Forest and Range Experiment Station (Ogden, Utah)$0http://id.loc.gov/authorities/names/n79062786
=776  08$iOnline version:$aHatch, Charles R.$tEffect of partial cutting in overmature lodgepole pine.$dOgden, Utah : U.S. Dept. of Agriculture, Forest Service, Intermountain Forest & Range Experiment Station, 1967$w(OCoLC)630572941
=830  \0$aU.S. Forest Service research note INT ;$v66.
=856  41$uhttps://archive.org/details/effectofpartialc66hatc
=912  \\$analcatalog
=930  \\$a20140604$b00000000$c00000000
=945  \\$aDigiMet
=945  \\$p12
=946  \\$aUSDA
=994  \\$a92$bAGL

