=LDR  01232cam a2200397M  4500
=001  9915502965707426
=005  20240624182449.0
=008  800401s1969\\\\dcu\\\\\\\\\\\000\0\eng\d
=016  7\$aCAT10249843$2DNAL
=035  \\$a187174
=035  \\$a(OCoLC)1289066003
=035  \\$a(DNAL)187174-naldb-Voyager
=040  \\$aAGL$beng$cAGL
=049  \\$aAGLL
=070  \\$aA281.9$bF76Fm no. 146 1969
=072  \0$a1500
=100  1\$aDavis, Albert Bartlett,$d1904-
=245  10$aNontariff barriers to the movement of tobacco in free world countries.
=250  \\$aRev. May 1969.
=260  \\$a[Washington]$bForeign Agricultural Service, U.S. Dept. of Agriculture$c[1969]
=300  \\$a17 p.
=490  1\$a[U.S. Foreign Agricultural Service] FAS-M-146
=591  \\$bNAL Reclamation
=593  \\$fAgricola CAT
=650  \0$aTobacco industry.
=650  \0$aCommercial policy.
=650  \0$aIndustrial laws and legislation.
=655  \3$aInternet resource.
=700  1\$aO'Mara, Charles J.
=830  \0$aFAS M ;$v146.
=856  41$uhttps://archive.org/details/nontariffbarrier146davi
=912  \\$analcatalog
=930  \\$a20140306$b20140404$c00000000
=945  \\$aDigiMet
=945  \\$p28
=946  \\$aUSDA
=959  \\$c2014-03-06$earojas$gap
=994  \\$a92$bAGL

