=LDR  01965cam a2200493I  4500
=001  9915502998307426
=005  20240620201351.0
=008  800401s1965\\\\utuab\\\\b\\\f000\0\eng\\
=010  \\$a   66060659 
=016  7\$aCAT10225280$2DNAL
=035  \\$a187892
=035  \\$a(OCoLC)04587646
=035  \\$a(DNAL)187892-naldb-Voyager
=040  \\$aDLC$beng$cUUW$dOCL$dOCLCQ$dUV{dollar}$dOCLCF$dOCLCQ$dOCLCO$dCOD$dOCLCA$dAGL
=043  \\$an-us-ut
=049  \\$aAGLL
=050  \0$aSD428.U8$bC56 1965
=070  \\$aA99.9$bF764Ub no. 4
=072  \0$a4500
=086  0\$aA 13.80:INT-4
=100  1\$aChoate, Grover A.$0http://id.loc.gov/authorities/names/n50038183
=245  10$aForests in Utah$c[by] Grover A. Choate.
=260  \\$aOgden, Utah,$bIntermountain Forest and Range Experiment Station, Forest Service, U.S. Dept. of Agriculture,$c1965.
=300  \\$aiii, 61 pages$billustrations (some color) color maps (1 folded)$c27 cm.
=336  \\$atext$btxt$2rdacontent
=337  \\$aunmediated$bn$2rdamedia
=338  \\$avolume$bnc$2rdacarrier
=490  1\$aU.S. Forest Service resource bulletin,$vINT-4
=504  \\$aIncludes bibliographical references (page 41).
=591  \\$bNAL Reclamation
=593  \\$fAgricola CAT
=650  \0$aTimber$zUtah.
=650  \0$aForests and forestry$zUtah.
=651  \7$aUtah.$2fast$0(OCoLC)fst01204563
=655  \3$aInternet resource.
=710  1\$aUnited States.$bDepartment of Agriculture.
=710  1\$aUnited States.$bForest Service.$0http://id.loc.gov/authorities/names/n79054932
=776  08$iOnline version:$aChoate, Grover A.$tForests in Utah.$dOgden, Utah, Intermountain Forest and Range Experiment Station, Forest Service, U.S. Dept. of Agriculture, 1965$w(OCoLC)623614459
=830  \0$aU.S. Forest Service resource bulletin INT ;$v4.
=856  41$uhttps://archive.org/details/forestsinutah04choa
=912  \\$analcatalog
=930  \\$a20140604$b00000000$c00000000
=945  \\$aDigiMet
=945  \\$p76
=946  \\$aUSDA
=994  \\$a92$bAGL

