=LDR  02049cam a2200541Ia 4500
=001  9915503005207426
=005  20240624182518.0
=008  800401s1968\\\\dcua\\\\\b\\\f000\0\eng\d
=016  7\$aCAT10241721$2DNAL
=019  \\$a85237030
=035  \\$a197931
=035  \\$a(OCoLC)70170990$z(OCoLC)85237030
=035  \\$a(DNAL)197931-naldb-Voyager
=035  \\$z(OCoLC)85237030
=040  \\$aIWA$beng$cIWA$dOCLCF$dOCLCO$dOCLCQ$dCOD$dOCLCA$dAGL
=049  \\$aAGLL
=050  \0$aSB945.B424$bM37x 1968
=070  0\$aA420$bR31 no. 125
=072  \0$a3500
=086  0\$aA 77.15:33-125
=100  1\$aConnin, R. V.$q(Richard V.),$d1921-$0http://id.loc.gov/authorities/names/no2012038910
=245  10$aMass rearing the cereal leaf beetle in the laboratory /$c[by R.V. Connin [and others].
=260  \\$a[Washington, D.C.?] :$bU.S. Dept. of Agriculture, Agricultural Research Service,$c[1968]
=300  \\$a11 pages :$billustrations ;$c26 cm.
=336  \\$atext$btxt$2rdacontent
=337  \\$aunmediated$bn$2rdamedia
=338  \\$avolume$bnc$2rdacarrier
=490  1\$aARS ;$v33-125
=504  \\$aIncludes bibliographical references.
=530  \\$aAlso available online.
=591  \\$bNAL Reclamation
=593  \\$fAgricola CAT
=650  \0$aOulema melanopa.$0http://id.loc.gov/authorities/subjects/sh85096124
=650  \0$aGrain$xDiseases and pests.$0http://id.loc.gov/authorities/subjects/sh85056210
=650  \0$aInsect rearing.$0http://id.loc.gov/authorities/subjects/sh85066653
=655  \3$aInternet resource.
=700  1\$aCobb, D. L.,$eauthor.
=700  1\$aArnsman, J. C.,$eauthor.
=700  1\$aLawson, G.,$eauthor.
=710  1\$aUnited States.$bAgricultural Research Service.
=830  \0$aARS (Series) (United States. Agricultural Research Service) ;$v33-125.
=856  41$uhttps://archive.org/details/massrearingcerea125conn
=912  \\$analcatalog
=930  \\$a20201019$b00000000$c00000000
=945  \\$aDigiMet
=945  \\$p16
=946  \\$aUSDA
=959  \\$c2013-10-22$essouder$gurl
=959  \\$c2020-10-19$ecbarone$gother
=994  \\$a92$bAGL

