=LDR  01949cam a2200505 a 4500
=001  9915503599607426
=005  20240624182600.0
=008  800401s1966\\\\paua\\\\\b\\\f000\0\eng\d
=016  7\$aCAT10235307$2DNAL
=035  \\$a209616
=035  \\$a(OCoLC)310976836
=035  \\$a(DNAL)209616-naldb-Voyager
=040  \\$aMTG$beng$cMTG$dMTG$dNUI$dOCLCA$dPHA$dOCLCF$dOCLCQ$dCOD$dOCLCA$dAGM$dOCLCA$dOCLCQ$dAGL
=049  \\$aAGLL
=070  \\$aA99.9$bF7622U no. 54
=072  \0$a4500
=086  0\$aA 13.79:NE-54
=100  1\$aBlum, Barton M.$0http://id.loc.gov/authorities/names/n79047123
=245  14$aThe accuracy of mean-growth estimates made with dial-gage dendrometers /$c[Barton M. Blum, and Dale S. Solomon].
=260  \\$aUpper Darby, Pa. :$bNortheastern Forest Experiment Station, Forest Service, U.S. Dept. of Agriculture,$c1966.
=300  \\$a4 pages :$billustrations ;$c25 cm
=336  \\$atext$btxt$2rdacontent
=337  \\$aunmediated$bn$2rdamedia
=338  \\$avolume$bnc$2rdacarrier
=490  1\$aU.S. Forest Service research note ;$vNE-54
=504  \\$aIncludes bibliographical references.
=530  \\$aAlso available online.
=591  \\$bNAL Reclamation
=593  \\$fAgricola CAT
=650  \0$aTrees$xGrowth.$0http://id.loc.gov/authorities/subjects/sh85137245
=650  \0$aDendrometers.$0http://id.loc.gov/authorities/subjects/sh85036722
=650  \3$aAccuracy.
=650  \3$adendrometers.
=650  \3$aEstimation.
=655  \3$aInternet resource.
=700  1\$aSolomon, Dale S.$0http://id.loc.gov/authorities/names/n83061716
=710  2\$aNortheastern Forest Experiment Station (Radnor, Pa.)
=830  \0$aU.S. Forest Service research note NE ;$v54.
=856  41$uhttps://archive.org/details/accuracyofmeangr54blum
=912  \\$analcatalog
=930  \\$a20140116$b00000000$c00000000
=945  \\$aDigiMet
=945  \\$p8
=946  \\$aUSDA
=959  \\$c2014-01-15$essouder$gurl
=959  \\$c2014-01-16$earojas$gap
=994  \\$a92$bAGL

