=LDR  02423cam a2200589Ia 4500
=001  9915503714507426
=005  20240624182602.0
=008  800401s1967\\\\orua\\\\\b\\\f000\0\eng\d
=016  7\$aCAT10235316$2DNAL
=019  \\$a1039853796$a1231915839
=035  \\$a209634
=035  \\$a(OCoLC)44967642$z(OCoLC)1039853796$z(OCoLC)1231915839
=035  \\$a(DNAL)209634-naldb-Voyager
=035  \\$z(OCoLC)1039853796$z(OCoLC)1231915839
=040  \\$aZ@7$beng$cZ@7$dOCLCQ$dMTG$dOCLCO$dOCLCF$dOCLCQ$dCOD$dOCLCA$dAGM$dAGL
=043  \\$an-us-wa
=049  \\$aAGLL
=070  \\$aA99.9$bF7625U no. 50
=072  \0$a4500
=086  0\$aA 13.79:PNW-50
=100  1\$aBollen, Walter Beno,$d1896-
=245  00$aPrimary microbiological succession on a landslide of alpine origin at Mount Rainier /$cby W.B. Bollen [and others].
=260  \\$aPortland, Or. :$bPacific Northwest Forest and Range Experiment Station, U.S. Dept. of Agriculture,$c[1967]
=300  \\$a8 pages :$billustrations ;$c27 cm.
=336  \\$atext$btxt$2rdacontent
=337  \\$aunmediated$bn$2rdamedia
=338  \\$avolume$bnc$2rdacarrier
=490  1\$aU.S. Forest Service research note PNW ;$v50
=504  \\$aIncludes bibliographical references (pages 7-8).
=591  \\$bNAL Reclamation
=593  \\$fAgricola CAT
=650  \0$aLandslides$xEnvironmental aspects$zWashington (State)$zRainier, Mount.
=650  \0$aGeomicrobiology.$0http://id.loc.gov/authorities/subjects/sh85054163
=650  \0$aSediment transport$zWashington (State)$zRainier, Mount.
=650  \3$amicrobiology.
=650  \3$alandslides.
=650  \3$asoil biology.
=651  \7$aWashington (State)$zMount Rainier.$2fast$0(OCoLC)fst01333997
=655  \3$aInternet resource.
=700  1\$aLu, K. C.
=700  1\$aTrappe, James M.$0http://id.loc.gov/authorities/names/n84107804
=700  1\$aTarrant, Robert F.,$d1918-2006.$0http://id.loc.gov/authorities/names/n83061723
=700  1\$aFranklin, J. F.
=710  1\$aUnited States.$bDepartment of Agriculture.
=710  2\$aPacific Northwest Forest and Range Experiment Station (Portland, Or.)$0http://id.loc.gov/authorities/names/n80126131
=830  \0$aU.S. Forest Service research note PNW ;$v50.
=856  41$uhttps://archive.org/details/primarymicrobiol50boll
=912  \\$analcatalog
=930  \\$a20140506$b00000000$c00000000
=945  \\$aDigiMet
=945  \\$p12
=946  \\$aUSDA
=959  \\$c2014-05-06$earojas$gap
=994  \\$a92$bAGL

