=LDR  01002cam a2200337M  4500
=001  9915503717407426
=005  20240624182559.0
=008  800401s1967\\\\mx\\\\\\\\\\\\000\0\eng\d
=016  7\$aCAT10247411$2DNAL
=035  \\$a209013
=035  \\$a(OCoLC)1289068898
=035  \\$a(DNAL)209013-naldb-Voyager
=040  \\$aAGL$beng$cAGL
=049  \\$aAGLL
=070  \\$a1$bAg84M no. 705 1967 Spanish ed.
=072  \0$a1000
=100  1\$aGuidry, Nelson Philip,$d1916-
=245  10$aResumen grafico de la agricultura mundial.
=250  \\$a[1 ed. en espanol].
=260  \\$aMexico$c[1967]
=300  \\$a61 p.$billus.
=591  \\$bNAL Reclamation
=593  \\$fAgricola CAT
=655  \3$aInternet resource.
=700  1\$aGuidry, Nelson Philip,$d1916-$tGraphic summary of world agriculture.
=856  41$uhttps://archive.org/details/resumengraficode705guid
=912  \\$analcatalog
=930  \\$a20140306$b00000000$c00000000
=945  \\$aDigiMet
=945  \\$p78
=946  \\$aNon-US
=959  \\$c2014-03-06$earojas$gap
=994  \\$a92$bAGL

