=LDR  02103cam a2200517Ia 4500
=001  9915503810307426
=005  20240620203003.0
=008  800401s1967\\\\utu\\\\\\b\\\f000\0\eng\d
=016  7\$aCAT10235281$2DNAL
=035  \\$a209564
=035  \\$a(OCoLC)32180215
=035  \\$a(DNAL)209564-naldb-Voyager
=040  \\$aSDB$beng$cSDB$dOCLCQ$dOCLCF$dOCLCQ$dOCLCO$dSEA$dOKS$dOCLCQ$dAGM$dOCLCA$dAGL
=043  \\$an-us-id
=049  \\$aAGLL
=050  \0$aSD428.P3$bB48 1967
=070  \\$aA99.9$bF764Un no. 61
=072  \0$a8000
=086  0\$aA 13.79:INT-61
=100  1\$aBethlahmy, Nedavia,$d1918-
=245  10$aEffect of exposure and logging on runoff and erosion /$cNedavia Bethlahmy.
=260  \\$aOgden, Utah :$bU.S. Dept. of Agriculture, Forest Service, Intermountain Forest & Range Experiment Station,$c1967.
=300  \\$a7 pages ;$c27 cm.
=336  \\$atext$btxt$2rdacontent
=337  \\$aunmediated$bn$2rdamedia
=338  \\$avolume$bnc$2rdacarrier
=490  1\$aU.S. Forest Service research note INT ;$v61
=504  \\$aIncludes bibliographical references.
=591  \\$bNAL Reclamation
=593  \\$fAgricola CAT
=650  \0$aForest hydrology$zIdaho.
=650  \0$aRunoff$zIdaho.
=650  \0$aSoil erosion$xMathematical models.
=650  \0$aLogging$xEnvironmental aspects.$0http://id.loc.gov/authorities/subjects/sh2003011147
=650  \3$aerosion control.
=650  \3$ahydrology.
=651  \7$aIdaho.$2fast$0(OCoLC)fst01211709
=655  \3$aInternet resource.
=710  2\$aIntermountain Forest and Range Experiment Station (Ogden, Utah)$0http://id.loc.gov/authorities/names/n79062786
=776  08$iOnline version:$aBethlahmy, Nedavia, 1918-$tEffect of exposure and logging on runoff and erosion.$dOgden, Utah : U.S. Dept. of Agriculture, Forest Service, Intermountain Forest & Range Experiment Station, 1967$w(OCoLC)630469867
=830  \0$aU.S. Forest Service research note INT ;$v61.
=856  41$uhttps://archive.org/details/effectofexposure61beth
=912  \\$analcatalog
=930  \\$a20140604$b00000000$c00000000
=945  \\$aDigiMet
=945  \\$p12
=946  \\$aUSDA
=994  \\$a92$bAGL

