=LDR  01699cam a2200517Ia 4500
=001  9915504049907426
=005  20240624182617.0
=008  951204s1995\\\\dcu\\\\\\b\\\f000\0\eng\d
=016  7\$aCAT10714234$zCAT10848883$2DNAL
=019  \\$a33841588
=035  \\$a(OCoLC)ocm32897874 980608
=035  \\$90714-23460
=035  \\$90848-88360
=035  \\$a770485
=035  \\$a(DNAL)770485-naldb-Voyager
=035  \\$z(OCoLC)33841588
=040  \\$aAGL$cAGL
=049  \\$aAGLL
=070  0\$aaQK1.U47$bno.8
=072  \0$aF110
=100  1\$aEgolf, Donald R.
=245  12$aA checklist of Pyracantha cultivars /$bby Donald R. Egolf and Anne O. Andrick.
=260  \\$a[Washington, D.C.] :$bU.S. Dept. of Agriculture, Agricultural Research Service,$b[1995]
=300  \\$av, 91 p. ;$c28 cm.
=440  \0$aUnited States National Arboretum contribution ;$vno.8
=500  \\$a"June 1995."
=504  \\$aIncludes bibliographical references (p. 87-90).
=593  \\$fAgricola CAT
=650  \0$aPyracantha.
=650  \0$aPyracantha$xVarieties.
=655  \3$aInternet resource
=700  1\$aAndrick, Anne O.
=710  1\$aUnited States.$bAgricultural Research Service.
=852  \\$aQK1.W37 no. 8$iDNAr
=852  \\$aDNAr$iQK1.W37 no.8
=856  41$uhttps://archive.org/details/checklistofpyra08egol
=912  \\$analcatalog
=930  \\$a20210701$b00000000$c00000000
=939  \\$a20130906$b20131018$c00000000
=939  \\$a20101206$b20110101$c00000000
=939  \\$a20050518$b20050604$c00000000
=939  \\$a19960102$b19960111$c00000000
=945  \\$dML$e95/12/07$fSES$g95/12/11$n1
=945  \\$p106
=945  \\$aDigiMet
=946  \\$aUSDA
=959  \\$c2013-09-06$essouder$gurl
=959  \\$c2010-12-06$edcollins$gother

