=LDR  02477cas a2200613 a 4500
=001  9915504117707426
=005  20240620204632.0
=008  750812d19471972dcu\x\\\\s\\\f0\\\\0eng\c
=010  \\$a   87655102 
=012  \\$a2$i8707
=016  7\$aCAT10254703$2DNAL
=035  \\$a770054
=035  \\$a(OCoLC)01538715
=035  \\$a(DNAL)770054-naldb-Voyager
=040  \\$aFUL$beng$cFUL$dDLC$dNYG$dNST$dAGL$dOCL$dOCLCQ$dOCLCF$dOCLCO$dOCLCQ
=042  \\$apcc
=043  \\$an-us---
=049  \\$aAGLL
=050  00$aHD9437.A1$bF67
=070  0\$a1.943$bF113
=072  \0$aE700
=072  \0$aQ003
=245  00$aForeign agriculture circular.$nFPE /$cOffice of Foreign Agricultural Relations, United States Department of Agriculture.
=246  1\$iIssues for June 17, 1957 and Sept. 27, 1957 have title:$aForeign agriculture circular.$pPoultry and eggs
=260  \\$aWashington, D.C. :$bThe Office,$c[1947-1972]
=300  \\$a26 volumes ;$c27 cm
=310  \\$aIrregular
=336  \\$atext$btxt$2rdacontent
=337  \\$aunmediated$bn$2rdamedia
=338  \\$avolume$bnc$2rdacarrier
=362  0\$a47-1 (Feb. 28, 1947)-72-1 (Feb. 1972).
=550  \\$aIssued by: United States Department of Agriculture, Foreign Agricultural Service, 1953-1972.
=591  \\$bNAL Reclamation
=593  \\$fAgricola CAT
=650  \0$aPoultry industry$vStatistics$vPeriodicals.
=650  \0$aPoultry industry$zUnited States$vStatistics$vPeriodicals.
=651  \7$aUnited States.$2fast$0(OCoLC)fst01204155
=655  \3$aInternet resource.
=655  \7$aPeriodicals.$2fast$0(OCoLC)fst01411641
=655  \7$aStatistics.$2fast$0(OCoLC)fst01423727
=710  1\$aUnited States.$bOffice of Foreign Agricultural Relations.$0http://id.loc.gov/authorities/names/n85271417
=710  1\$aUnited States.$bForeign Agricultural Service.$0http://id.loc.gov/authorities/names/n80126196
=776  08$iOnline version:$tForeign agriculture circular. FPE$w(OCoLC)1042277959
=780  00$tForeign poultry and egg reports$w(DLC)sn 95015649$w(OCoLC)33827660
=785  00$tForeign agriculture circular. Poultry$w(DLC)   87655103$w(OCoLC)15687014
=850  \\$aCSt$aDLC$aDNAL$aInLP$aN
=852  \\$aDNAL$i1.943 F113
=856  41$uhttps://archive.org/details/usda-foreignagriculturecircularsugar
=912  \\$analcatalog
=930  \\$a20140812$b20140905$c00000000
=939  \\$a19951204$b19951207$c00000000
=945  \\$djmb$e95/11/30$fjmb$g95/11/30
=945  \\$vpt. 1
=945  \\$p12
=945  \\$aDigiMet
=945  \\$vpt. 2
=945  \\$p16
=945  \\$aDigiMet
=945  \\$vpt. 3
=945  \\$p42
=945  \\$aDigiMet
=945  \\$vpt. 4
=945  \\$p26
=945  \\$aDigiMet
=945  \\$vpt. 5
=945  \\$p30
=945  \\$aDigiMet
=945  \\$vpt. 6
=945  \\$p26
=945  \\$aDigiMet
=945  \\$vpt. 7
=945  \\$p32
=945  \\$aDigiMet
=945  \\$vpt. 8
=945  \\$p98
=945  \\$aDigiMet
=945  \\$vpt. 9
=945  \\$p76
=945  \\$aDigiMet
=945  \\$vpt. 10
=945  \\$p58
=945  \\$aDigiMet
=945  \\$vpt. 11
=945  \\$p28
=945  \\$aDigiMet
=945  \\$vpt. 12
=945  \\$p32
=945  \\$aDigiMet
=945  \\$vpt. 13
=945  \\$p36
=945  \\$aDigiMet
=945  \\$vpt. 14
=945  \\$p40
=945  \\$aDigiMet
=945  \\$vpt. 15
=945  \\$p44
=945  \\$aDigiMet
=945  \\$vpt. 16
=945  \\$p32
=945  \\$aDigiMet
=945  \\$vpt. 17
=945  \\$p34
=945  \\$aDigiMet
=945  \\$vpt. 18
=945  \\$p34
=945  \\$aDigiMet
=945  \\$vpt. 19
=945  \\$p28
=945  \\$aDigiMet
=945  \\$vpt. 20
=945  \\$p24
=945  \\$aDigiMet
=945  \\$vpt. 21
=945  \\$p36
=945  \\$aDigiMet
=945  \\$vpt. 22
=945  \\$p28
=945  \\$aDigiMet
=945  \\$vpt. 23
=945  \\$p32
=945  \\$aDigiMet
=945  \\$vpt. 24
=945  \\$p24
=945  \\$aDigiMet
=945  \\$vpt. 25
=945  \\$p38
=945  \\$aDigiMet
=946  \\$aUSDA
=994  \\$a92$bAGL

