=LDR  01702cam a2200457Ia 4500
=001  9915504208607426
=005  20240620204657.0
=008  870929s1908\\\\dcuaf\\\\\\\\\000\0\eng\d
=010  \\$a   08014725 
=016  7\$aCAT10544524$2DNAL
=019  \\$a63336659
=035  \\$a770003
=035  \\$a(OCoLC)16781115$z(OCoLC)63336659
=035  \\$a(DNAL)770003-naldb-Voyager
=035  \\$z(OCoLC)63336659
=040  \\$aBGU$beng$cBGU$dAGL$dKRTAS$dCOO$dOCLCE$dOCLCQ$dOCLCF$dOCLCQ$dOCLCO
=049  \\$aAGLL
=050  \0$aSF487$b.B856 1908
=070  0\$aSF487.B75$b1908
=072  \0$aL100
=100  1\$aBriggs, Edgar.
=245  10$aProfits in poultry keeping solved :$bbest authority on poultry raising : save labor, time and expense /$cby Edgar Briggs.
=250  \\$a3rd ed.
=260  \\$aWashington, D.C. :$bFeather :$bHoward Pub. Co.,$c1908.
=300  \\$a89 pages [1] leaf of color plates :$billustrations (1 color) ;$c23 cm
=336  \\$atext$btxt$2rdacontent
=337  \\$aunmediated$bn$2rdamedia
=338  \\$avolume$bnc$2rdacarrier
=591  \\$bNAL Reclamation
=593  \\$fAgricola CAT
=650  \0$aPoultry.$0http://id.loc.gov/authorities/subjects/sh85105892
=655  \3$aInternet resource.
=776  08$iOnline version:$tProfits in poultry keeping solved ...$b3d ed.$dWashington, D.C., The Feather; The Howard Pub. Co., printers, 1908$w(OCoLC)441941801
=856  41$uhttps://archive.org/details/profitsinpoultry00brig_2
=912  \\$analcatalog
=930  \\$a20140702$b20140807$c00000000
=938  \\$aKirtas Technologies, Inc.$bKRTS$n676370
=939  \\$a19951204$b19951207$c00000000
=945  \\$ddmn$e95/11/28$fdmn$g95/11/29
=945  \\$p112
=945  \\$aDigiMet
=946  \\$aOther US
=994  \\$a92$bAGL

