=LDR  01978cas a2200541 a 4500
=001  9915504222207426
=005  20240620204729.0
=008  951130d19461946dcu\x\\\\s\\\\0\\\\0eng\\
=010  \\$asn 95015649 
=012  \\$i9512
=016  7\$aCAT10713596$2DNAL
=035  \\$a770049
=035  \\$a(OCoLC)33827660
=035  \\$a(DNAL)770049-naldb-Voyager
=040  \\$aAGL$beng$cAGL$dOCLCQ$dOCLCO$dOCLCF$dOCLCO$dOCLCQ$dAGL
=042  \\$apcc
=043  \\$an-us---
=049  \\$aAGLL
=070  0\$a1.943$bF113
=072  \0$aE700
=072  \0$aQ003
=245  00$aForeign poultry and egg reports. /$cUnited States Department of Agriculture, Office of Foreign Agricultural Relations.
=260  \\$a[Washington, D.C.] :$bThe Office,$c[1946]
=300  \\$a2 volumes ;$c27 cm
=310  \\$aIrregular
=336  \\$atext$btxt$2rdacontent
=337  \\$aunmediated$bn$2rdamedia
=338  \\$avolume$bnc$2rdacarrier
=362  0\$aFP & E-1 (Mar. 1, 1946)-FP & E-2 (June 3, 1946).
=591  \\$bNAL Reclamation
=593  \\$fAgricola CAT
=650  \0$aPoultry industry$vStatistics$vPeriodicals.
=650  \0$aPoultry industry$zUnited States$vStatistics$vPeriodicals.
=651  \7$aUnited States.$2fast$0(OCoLC)fst01204155
=655  \3$aInternet resource.
=655  \7$aPeriodicals.$2fast$0(OCoLC)fst01411641
=655  \7$aStatistics.$2fast$0(OCoLC)fst01423727
=710  1\$aUnited States.$bOffice of Foreign Agricultural Relations.$0http://id.loc.gov/authorities/names/n85271417
=710  1\$aUnited States.$bForeign Agricultural Service.$0http://id.loc.gov/authorities/names/n80126196
=785  00$tForeign agriculture circular. FPE$w(DLC)   87655102$w(OCoLC)1538715
=850  \\$aDNAL
=856  41$uhttps://archive.org/details/usda-foreignagriculturecircularsugar
=912  \\$analcatalog
=930  \\$a20140812$b20140905$c00000000
=939  \\$a19951204$b19951207$c00000000
=945  \\$djmb$e95/11/30$fjmb$g95/11/30
=945  \\$vpt. 1
=945  \\$p30
=945  \\$aDigiMet
=945  \\$vpt. 2
=945  \\$p12
=945  \\$aDigiMet
=946  \\$aUSDA
=994  \\$a92$bAGL

