=LDR  02632cam a2200709 a 4500
=001  9915504988307426
=005  20240620210412.0
=008  961205s1996\\\\utuab\\\\b\\\f000\0\eng\d
=010  \\$a   96220339 
=016  7\$aCAT10818386$2DNAL
=019  \\$a1225823415
=035  \\$a788429
=035  \\$a(OCoLC)35718129$z(OCoLC)1225823415
=035  \\$a(DNAL)788429-naldb-Voyager
=035  \\$z(OCoLC)1225823415
=040  \\$aDGPO$beng$cDLC$dGPO$dAGL$dCNO$dOCLCQ$dBTCTA$dSPI$dOCLCO$dOCLCF$dOCLCQ$dAGM$dOCLCA$dWURST
=042  \\$alccopycat
=043  \\$an-us-ut
=049  \\$aAGLL
=050  00$aQH76.5.U8$bO37 1996
=070  0\$aA99.9$bF764Ub no.87
=072  \0$aK100
=072  \0$aK250
=074  \\$a0083-B-05
=086  0\$aA 13.80:INT-RB-87
=100  1\$aO'Brien, Renee.$0http://id.loc.gov/authorities/names/n84137364
=245  10$aForest resources of northern Utah ecoregions /$cRenee A. O'Brien.
=260  \\$aOgden, UT (324 25th St., Ogden 84401) :$bU.S. Dept. of Agriculture, Forest Service, Intermountain Research Station,$c[1996]
=300  \\$a34 pages :$billustrations, maps (some color) ;$c28 cm.
=336  \\$atext$btxt$2rdacontent
=337  \\$aunmediated$bn$2rdamedia
=338  \\$avolume$bnc$2rdacarrier
=490  1\$aResource bulletin INT-RB ;$v87
=504  \\$aIncludes bibliographical references (page 21).
=591  \\$bNAL Reclamation
=593  \\$fAgricola CAT
=650  \0$aEcosystem management$zUtah.
=650  \0$aForests and forestry$zUtah.
=650  \3$aforest resources.
=650  \3$aforest inventory.
=650  \3$aforest statistics.
=650  \3$aland classification.
=650  \3$abiogeography.
=650  \3$avegetation types.
=650  \3$aecosystems.
=650  \3$aspecies diversity.
=650  \3$aforest decline.
=650  \3$aforest ownership.
=651  \3$aUtah.
=651  \7$aUtah.$2fast$0(OCoLC)fst01204563
=655  \3$aInternet resource.
=710  2\$aIntermountain Research Station (Ogden, Utah)$0http://id.loc.gov/authorities/names/n85066590
=776  08$iOnline version:$aO'Brien, Renee.$tForest resources of northern Utah ecoregions.$dOgden, UT (324 25th St., Ogden 84401) : U.S. Dept. of Agriculture, Forest Service, Intermountain Research Station, [1996]$w(OCoLC)903068896
=830  \0$aResource bulletin INT ;$v87.
=856  41$uhttps://archive.org/details/forestresourceso87obri
=912  \\$analcatalog
=930  \\$a20140603$b20140704$c00000000
=938  \\$aBaker and Taylor$bBTCP$n96220339
=939  \\$a19970106$b19970110$c00000000
=945  \\$dEJ$e96/11/22$fEJ$g96/11/25$n1
=945  \\$p44
=945  \\$aDigiMet
=946  \\$aOther US
=994  \\$a92$bAGL

