=LDR  03047cas a2200721 a 4500
=001  9915505099307426
=005  20240624183810.0
=008  970206d19201921dcuwr\p\\s\\\f0\\\\0eng\c
=010  \\$aagr20000012 $zsn 91034486 
=012  \\$i9109
=016  7\$aCAT10821617$2DNAL
=019  \\$a1550920
=035  \\$a791039
=035  \\$a(OCoLC)01756702$z(OCoLC)1550920
=035  \\$a(DNAL)791039-naldb-Voyager
=035  \\$z(OCoLC)1550920
=040  \\$aMUL$beng$cMUL$dIUL$dNYG$dOCL$dAGL$dDLC$dOCLCQ$dCZL$dKRTAS$dOCLCQ$dAGL$dOCLCF$dOCLCO$dOCLCQ
=042  \\$apcc$apremarc
=043  \\$an-us---
=049  \\$aAGLL
=050  00$aHD9001$b.A55
=070  0\$a1$bM34M
=072  \0$aE700
=130  0\$aMarket reporter (Washington, D.C.)
=245  14$aThe Market reporter.
=260  \\$aWashington, D.C. :$bU.S. Dept. of Agriculture, Bureau of Markets,$c1920-1922.
=300  \\$a4 volumes ;$c29 cm
=310  \\$aWeekly
=336  \\$atext$btxt$2rdacontent
=337  \\$aunmediated$bn$2rdamedia
=338  \\$avolume$bnc$2rdacarrier
=362  0\$aVol. 1, no. 1 (Jan. 3, 1920)-v. 4, no. 27 (Dec. 31, 1921).
=550  \\$aVols. 1-3 issued by the Bureau of Markets; v. 4 by the Bureau of Markets and Crop Estimates.
=580  \\$aFormed by the union of: Seed reporter, Food surveys, and other information which has been issued heretofore in mimeographed form.
=580  \\$aMerged with: The Monthly crop report, and: The National weather and crop bulletin, to form: Weather, crops, and markets.
=591  \\$bNAL Reclamation
=593  \\$fAgricola CAT
=650  \0$aAgriculture$zUnited States$vStatistics$vPeriodicals.
=650  \0$aFarm produce$xMarketing$vStatistics$vPeriodicals.
=651  \7$aUnited States.$2fast$0(OCoLC)fst01204155
=655  \3$aInternet resource.
=655  \7$aPeriodicals.$2fast$0(OCoLC)fst01411641
=655  \7$aStatistics.$2fast$0(OCoLC)fst01423727
=710  1\$aUnited States.$bBureau of Markets.$0http://id.loc.gov/authorities/names/n85166555
=710  1\$aUnited States.$bBureau of Markets and Crop Estimates.$0http://id.loc.gov/authorities/names/n88295247
=776  08$iOnline version:$tMarket reporter (Washington, D.C.)$w(OCoLC)619969335
=780  14$tSeed reporter$w(DLC)agr17001165$w(OCoLC)4281296
=780  14$tFood surveys$w(DLC)agr18000442$w(OCoLC)5134350
=785  17$tMonthly crop report (United States. Bureau of Estimates)$w(DLC)agr15000616$w(OCoLC)1780438
=785  17$tNational weather and crop bulletin$w(OCoLC)10322106
=785  17$tWeather, crops, and markets$w(DLC)agr22000147$w(OCoLC)1715596
=850  \\$aDLC$aDNAL$aN
=856  41$uhttp://archive.org/details/usda-cropsandmarkets
=912  \\$analcatalog
=930  \\$a20131022$b20131101$c00000000
=938  \\$aKirtas Technologies, Inc.$bKRTS$n847221
=939  \\$a20121213$b20130104$c00000000
=939  \\$a19970303$b19970307$c00000000
=945  \\$dJH$e97/02/04$fCM$g97/02/06
=945  \\$p24
=945  \\$aDigiMet
=945  \\$p24
=945  \\$aDigiMet
=945  \\$p32
=945  \\$aDigiMet
=945  \\$p24
=945  \\$aDigiMet
=945  \\$p20
=945  \\$aDigiMet
=945  \\$p24
=945  \\$aDigiMet
=945  \\$p24
=945  \\$aDigiMet
=945  \\$p24
=945  \\$aDigiMet
=945  \\$p24
=945  \\$aDigiMet
=945  \\$p24
=945  \\$aDigiMet
=945  \\$p26
=945  \\$aDigiMet
=945  \\$p20
=945  \\$aDigiMet
=945  \\$p20
=945  \\$aDigiMet
=945  \\$p20
=945  \\$aDigiMet
=945  \\$p24
=945  \\$aDigiMet
=945  \\$p24
=945  \\$aDigiMet
=945  \\$p24
=945  \\$aDigiMet
=945  \\$p24
=945  \\$aDigiMet
=945  \\$p20
=945  \\$aDigiMet
=945  \\$p20
=945  \\$aDigiMet
=945  \\$p20
=945  \\$aDigiMet
=945  \\$p24
=945  \\$aDigiMet
=945  \\$p24
=945  \\$aDigiMet
=945  \\$p24
=945  \\$aDigiMet
=945  \\$p20
=945  \\$aDigiMet
=945  \\$p20
=945  \\$aDigiMet
=945  \\$p20
=945  \\$aDigiMet
=945  \\$p20
=945  \\$aDigiMet
=945  \\$p20
=945  \\$aDigiMet
=945  \\$p20
=945  \\$aDigiMet
=945  \\$p24
=945  \\$aDigiMet
=945  \\$p20
=945  \\$aDigiMet
=945  \\$p24
=945  \\$aDigiMet
=945  \\$p24
=945  \\$aDigiMet
=945  \\$p24
=945  \\$aDigiMet
=945  \\$p24
=945  \\$aDigiMet
=945  \\$p20
=945  \\$aDigiMet
=945  \\$p24
=945  \\$aDigiMet
=945  \\$p20
=945  \\$aDigiMet
=945  \\$p20
=945  \\$aDigiMet
=945  \\$p20
=945  \\$aDigiMet
=945  \\$p20
=945  \\$aDigiMet
=945  \\$p24
=945  \\$aDigiMet
=945  \\$p20
=945  \\$aDigiMet
=945  \\$p24
=945  \\$aDigiMet
=945  \\$p24
=945  \\$aDigiMet
=945  \\$p20
=945  \\$aDigiMet
=945  \\$p20
=945  \\$aDigiMet
=945  \\$p24
=945  \\$aDigiMet
=945  \\$p24
=945  \\$aDigiMet
=945  \\$p20
=945  \\$aDigiMet
=945  \\$p20
=945  \\$aDigiMet
=945  \\$p20
=945  \\$aDigiMet
=945  \\$p20
=945  \\$aDigiMet
=945  \\$p20
=945  \\$aDigiMet
=945  \\$p20
=945  \\$aDigiMet
=945  \\$p20
=945  \\$aDigiMet
=945  \\$p20
=945  \\$aDigiMet
=945  \\$p24
=945  \\$aDigiMet
=945  \\$p24
=945  \\$aDigiMet
=945  \\$p24
=945  \\$aDigiMet
=945  \\$p24
=945  \\$aDigiMet
=945  \\$p20
=945  \\$aDigiMet
=945  \\$p24
=945  \\$aDigiMet
=945  \\$p24
=945  \\$aDigiMet
=945  \\$p24
=945  \\$aDigiMet
=945  \\$p20
=945  \\$aDigiMet
=945  \\$p20
=945  \\$aDigiMet
=945  \\$p20
=945  \\$aDigiMet
=945  \\$p24
=945  \\$aDigiMet
=945  \\$p20
=945  \\$aDigiMet
=945  \\$p20
=945  \\$aDigiMet
=945  \\$p24
=945  \\$aDigiMet
=945  \\$p24
=945  \\$aDigiMet
=945  \\$p24
=945  \\$aDigiMet
=945  \\$p20
=945  \\$aDigiMet
=945  \\$p24
=945  \\$aDigiMet
=945  \\$p24
=945  \\$aDigiMet
=945  \\$p24
=945  \\$aDigiMet
=945  \\$p24
=945  \\$aDigiMet
=945  \\$p20
=945  \\$aDigiMet
=945  \\$p20
=945  \\$aDigiMet
=945  \\$p20
=945  \\$aDigiMet
=945  \\$p32
=945  \\$aDigiMet
=945  \\$p20
=945  \\$aDigiMet
=945  \\$p20
=945  \\$aDigiMet
=945  \\$p20
=945  \\$aDigiMet
=945  \\$p24
=945  \\$aDigiMet
=945  \\$p24
=945  \\$aDigiMet
=945  \\$p24
=945  \\$aDigiMet
=945  \\$p20
=945  \\$aDigiMet
=945  \\$p20
=945  \\$aDigiMet
=945  \\$p24
=945  \\$aDigiMet
=945  \\$p24
=945  \\$aDigiMet
=945  \\$p20
=945  \\$aDigiMet
=945  \\$p20
=945  \\$aDigiMet
=945  \\$p24
=945  \\$aDigiMet
=945  \\$p24
=945  \\$aDigiMet
=945  \\$p20
=945  \\$aDigiMet
=945  \\$p24
=945  \\$aDigiMet
=945  \\$p20
=945  \\$aDigiMet
=945  \\$p20
=945  \\$aDigiMet
=945  \\$p24
=945  \\$aDigiMet
=946  \\$aUSDA
=959  \\$c2013-10-22$essouder$gurl
=959  \\$c2012-12-13$ergallett$gupgrade
=994  \\$a92$bAGL

