=LDR  02574cas a2200673 a 4500
=001  9915505192107426
=005  20240624183805.0
=008  970206d19241926dcumr\p\\s\\\f0\\\\0eng\c
=010  \\$asf 98085663 $zsn 91034496 
=012  \\$i9109
=016  7\$aCAT10821623$2DNAL
=019  \\$a4285083$a1035293609
=035  \\$a791045
=035  \\$a(OCoLC)05121175$z(OCoLC)4285083$z(OCoLC)1035293609
=035  \\$a(DNAL)791045-naldb-Voyager
=035  \\$z(OCoLC)4285083$z(OCoLC)1035293609
=040  \\$aNAL$beng$cIUL$dOCL$dIUL$dNYG$dOCL$dAGL$dOCL$dAGL$dDLC$dOCLCQ$dFUG$dOCLCQ$dAGL$dOCLCQ$dOCLCF$dOCLCO$dOCLCA
=042  \\$apcc$apremarc
=043  \\$an-us---
=049  \\$aAGLL
=050  00$aS21$b.A79 Suppl.
=070  0\$a1$bAg84Wcm
=072  \0$aF100
=072  \0$aE700
=086  0\$aA 88.24/3:
=245  00$aCrops and markets.$pMonthly supplement.
=260  \\$aWashington, D.C. :$bU.S. Dept. of Agriculture :$bFor sale by the Supt. of Docs., U.S. G.P.O.,$c1924-1927.
=300  \\$a3 volumes :$billustrations ;$c29 cm
=310  \\$aMonthly
=336  \\$atext$btxt$2rdacontent
=337  \\$aunmediated$bn$2rdamedia
=338  \\$avolume$bnc$2rdacarrier
=362  0\$aVol. 1, suppl. no. 1 (Jan. 1924)-v. 3, suppl. no. 12 (Dec. 1926).
=580  \\$aSupplement to the department's Crops and markets.
=580  \\$aWith: Crops and markets (weekly), superseded by Crops and markets (1927).
=591  \\$bNAL Reclamation
=593  \\$fAgricola CAT
=650  \0$aAgriculture$zUnited States$vStatistics$vPeriodicals.
=650  \0$aFarm produce$xMarketing$vStatistics$vPeriodicals.
=651  \7$aUnited States.$2fast$0(OCoLC)fst01204155
=655  \3$aInternet resource.
=655  \7$aPeriodicals.$2fast$0(OCoLC)fst01411641
=655  \7$aStatistics.$2fast$0(OCoLC)fst01423727
=710  1\$aUnited States.$bDepartment of Agriculture.
=772  1\$tCrops and markets (Weekly)$w(DLC)agr24000113$w(OCoLC)1550915
=776  08$iOnline version:$tCrops and markets. Monthly supplement$w(OCoLC)741484088
=785  10$tCrops and markets (Washington, D.C. : 1927)$w(DLC)agr56000002$w(OCoLC)1780385
=850  \\$aDLC$aDNAL$aN
=856  41$uhttp://archive.org/details/usda-cropsandmarkets
=912  \\$analcatalog
=930  \\$a20131022$b20131101$c00000000
=939  \\$a20121212$b20130104$c00000000
=939  \\$a19970303$b19970307$c00000000
=945  \\$dJH$e97/02/04$fCM$g97/02/06
=945  \\$p48
=945  \\$aDigiMet
=945  \\$p63
=945  \\$aDigiMet
=945  \\$p30
=945  \\$aDigiMet
=945  \\$p46
=945  \\$aDigiMet
=945  \\$p40
=945  \\$aDigiMet
=945  \\$p30
=945  \\$aDigiMet
=945  \\$p32
=945  \\$aDigiMet
=945  \\$p46
=945  \\$aDigiMet
=945  \\$p38
=945  \\$aDigiMet
=945  \\$p48
=945  \\$aDigiMet
=945  \\$p46
=945  \\$aDigiMet
=945  \\$p46
=945  \\$aDigiMet
=945  \\$p38
=945  \\$aDigiMet
=945  \\$p44
=945  \\$aDigiMet
=945  \\$p65
=945  \\$aDigiMet
=945  \\$p38
=945  \\$aDigiMet
=945  \\$p46
=945  \\$aDigiMet
=945  \\$p42
=945  \\$aDigiMet
=945  \\$p42
=945  \\$aDigiMet
=945  \\$p54
=945  \\$aDigiMet
=945  \\$p46
=945  \\$aDigiMet
=945  \\$p40
=945  \\$aDigiMet
=945  \\$p38
=945  \\$aDigiMet
=945  \\$p40
=945  \\$aDigiMet
=945  \\$p40
=945  \\$aDigiMet
=945  \\$p40
=945  \\$aDigiMet
=945  \\$p46
=945  \\$aDigiMet
=945  \\$p46
=945  \\$aDigiMet
=945  \\$p48
=945  \\$aDigiMet
=945  \\$p48
=945  \\$aDigiMet
=945  \\$p38
=945  \\$aDigiMet
=945  \\$p46
=945  \\$aDigiMet
=945  \\$p64
=945  \\$aDigiMet
=945  \\$p38
=945  \\$aDigiMet
=945  \\$p38
=945  \\$aDigiMet
=945  \\$p46
=945  \\$aDigiMet
=946  \\$aUSDA
=959  \\$c2013-10-22$essouder$gurl
=959  \\$c2013-04-02$essouder$gap
=959  \\$c2012-12-12$ergallett$gupgrade
=994  \\$a92$bAGL

