=LDR  01954cam a2200517Ia 4500
=001  9915505329207426
=005  20240620210614.0
=008  890419s1982\\\\dcuabd\\\bs\\f000\0\eng\d
=016  7\$aCAT10309642$2DNAL
=035  \\$a352580
=035  \\$a(OCoLC)08844926
=035  \\$a(DNAL)352580-naldb-Voyager
=040  \\$aAEW$beng$cAEW$dAGL$dOCL$dOCLCQ$dIUL$dGIM$dOCLCQ$dOCLCF$dOCLCO$dOCLCQ$dOCLCO$dOCLCA
=043  \\$an-us---
=049  \\$aAGLY
=050  10$aGB1215$b.A12 1982
=070  0\$a1$bAg84M no.1420
=072  \0$aP200
=086  0\$aA 1.38:1420
=100  1\$aBurford, J. B.
=245  10$aHydrologic data for experimental agricultural watersheds in the United States, 1973 /$ccompiled by James B. Burford, Jane L. Thurman and Ralph T. Roberts.
=260  \\$aWashington, D.C. :$bU.S. Dept. of Agriculture, Agricultural Research Service,$c1982.
=300  \\$aiv, 404 pages :$billustrations, charts, maps ;$c28 cm.
=336  \\$atext$btxt$2rdacontent
=337  \\$aunmediated$bn$2rdamedia
=338  \\$avolume$bnc$2rdacarrier
=490  1\$aMiscellaneous publication / United States Department of Agriculture ;$vno. 1420
=504  \\$aIncludes bibliographical references (pages 15-17).
=591  \\$bNAL Reclamation
=593  \\$fAgricola CAT
=650  \0$aHydrology$zUnited States$vTables.
=650  \0$aWatersheds$xResearch$zUnited States.
=651  \7$aUnited States.$2fast$0(OCoLC)fst01204155
=655  \3$aInternet resource.
=655  \7$aTables.$2fast$0(OCoLC)fst01423914
=700  1\$aThurman, J. L.
=700  1\$aRoberts, Ralph T.
=830  \0$aMiscellaneous publication (United States. Department of Agriculture) ;$vno. 1420.
=841  \\$ax   $b8709220u    0   4   uu   1870922$ez
=852  \\$aDNAL$i1 Ag84M no.1420
=856  41$uhttps://archive.org/details/hydrologicdatafo1420burf
=912  \\$analcatalog
=930  \\$a20140305$b20140404$c00000000
=945  \\$aUIU
=945  \\$p416
=945  \\$aDigiMet
=946  \\$aUSDA
=994  \\$a92$bAGL

