=LDR  01830cam a2200493Ia 4500
=001  9915505344007426
=005  20240620210553.0
=008  890419s1971\\\\dcuae\\\\\\\\f000\0\eng\d
=016  7\$aCAT10309138$2DNAL
=019  \\$a213772263
=035  \\$a352245
=035  \\$a(OCoLC)16003208$z(OCoLC)213772263
=035  \\$a(DNAL)352245-naldb-Voyager
=035  \\$z(OCoLC)213772263
=040  \\$aRQF$beng$cRQF$dAGL$dVIC$dOCLCQ$dOCLCF$dOCLCO$dOCLCA$dGILDS$dGPO$dWURST
=049  \\$aAGLX
=050  \0$aS21$b.A46 no.1185
=070  0\$a1$bAg84M no.1185
=072  \0$aN100
=074  \\$a0013-A
=086  0\$aA 1.38:1185
=245  00$aHeadgate for cattle, walk-through type /$c[Agricultural Engineering Research Division, Agricultural Research Service].
=260  \\$aWashington, D.C. :$bU.S. Dept. of Agriculture,$c1971.
=300  \\$a1 sheet (2 pages) :$billustrations, plans ;$c28 cm.
=336  \\$atext$btxt$2rdacontent
=337  \\$aunmediated$bn$2rdamedia
=338  \\$asheet$bnb$2rdacarrier
=490  1\$aMiscellaneous publication / United States Department of Agriculture ;$vno. 1185
=591  \\$bNAL Reclamation
=593  \\$fAgricola CAT
=650  \0$aCattle$xEquipment and supplies.$0http://id.loc.gov/authorities/subjects/sh85021318
=655  \3$aInternet resource.
=655  \4$aDesigns and plans.
=710  1\$aUnited States.$bAgricultural Research Service.
=710  1\$aUnited States.$bDepartment of Agriculture.
=830  \0$aMiscellaneous publication (United States. Department of Agriculture) ;$vno. 1185.
=841  \\$ax   $b8709220u    0   4   uu   1870922$ez
=852  \\$aDNAL$i1 Ag84M no.1185
=856  41$uhttps://archive.org/details/headgateforcattl1185unit
=912  \\$analcatalog
=930  \\$a20140305$b20140404$c00000000
=945  \\$aXIU
=945  \\$p8
=945  \\$aDigiMet
=946  \\$aUSDA
=994  \\$a92$bAGL

