=LDR  01883cam a2200517Ia 4500
=001  9915505351707426
=005  20240620210605.0
=008  890419s1970\\\\dcuae\\\\\\\\f000\0\eng\d
=016  7\$aCAT10309122$2DNAL
=019  \\$a213772622
=035  \\$a352243
=035  \\$a(OCoLC)16003223$z(OCoLC)213772622
=035  \\$a(DNAL)352243-naldb-Voyager
=035  \\$z(OCoLC)213772622
=040  \\$aRQF$beng$cRQF$dAGL$dVIC$dOCLCQ$dOCLCF$dOCLCO$dOCLCA$dSFR$dOCLCA$dGILDS$dOCL$dGPO
=049  \\$aAGLY
=050  \0$aS21$b.A46 no.1187
=070  0\$a1$bAg84M no.1187
=072  \0$aU100
=074  \\$a0013-A
=086  0\$aA 1.38:1187
=245  00$a2-bedroom home :$bwood construction /$c[Agricultural Engineering Research Division, Agricultural Research Service].
=246  3\$aTwo bedroom home
=260  \\$aWashington, D.C. :$bU.S. Dept. of Agriculture,$c1970.
=300  \\$a1 sheet (2 pages) :$billustrations, plans ;$c28 cm.
=336  \\$atext$btxt$2rdacontent
=337  \\$aunmediated$bn$2rdamedia
=338  \\$asheet$bnb$2rdacarrier
=490  1\$aMiscellaneous publication / United States Department of Agriculture ;$vno. 1187
=591  \\$bNAL Reclamation
=593  \\$fAgricola CAT
=650  \0$aDwellings$vDesigns and plans.
=655  \3$aInternet resource.
=655  \4$aDesigns and plans.
=655  \7$aArchitectural drawings.$2fast$0(OCoLC)fst01986246
=710  1\$aUnited States.$bAgricultural Research Service.
=710  1\$aUnited States.$bDepartment of Agriculture.
=830  \0$aMiscellaneous publication (United States. Department of Agriculture) ;$vno. 1187.
=841  \\$ax   $b8709220u    0   4   uu   1870922$ez
=852  \\$aDNAL$i1 Ag84M no.1187
=856  41$uhttps://archive.org/details/2bedroomhomewood1187unit
=912  \\$analcatalog
=930  \\$a20140305$b20140404$c00000000
=945  \\$aUIU
=945  \\$p8
=945  \\$aDigiMet
=946  \\$aUSDA
=994  \\$a92$bAGL

