=LDR  02179cam a2200541   4500
=001  9915505365107426
=005  20240624183815.0
=008  890419s1969\\\\dcua\\\\\\\\\f000\0\eng\\
=010  \\$a   74602219 
=016  7\$aCAT10309940$2DNAL
=035  \\$a352909
=035  \\$a(OCoLC)00044798
=035  \\$a(DNAL)352909-naldb-Voyager
=040  \\$aDLC$beng$cDLC$dOCLCQ$dBTCTA$dOCLCO$dOCLCA$dOCLCF$dOCLCQ$dOCLCO$dOKS$dOCLCA$dMTG$dWURST$dAGL
=043  \\$an-us---
=049  \\$aAGLX
=050  00$aS21$b.A46 no. 861 1969
=070  0\$a1$bAg84M no.861 1969
=072  \0$aK500
=086  0\$aA 1.38:861/3
=100  1\$aChampion, Francis John,$d1898-
=245  10$aProducts of American forests,$cby F.J. Champion.
=250  \\$aRev.
=260  \\$a[Washington]$bU.S. Dept. of Agriculture, Forest Service; for sale by the Supt. of Docs., U.S. Govt. Print. Off.,$c1969.
=300  \\$av, 30 pages$billustrations$c27 cm.
=336  \\$atext$btxt$2rdacontent
=337  \\$aunmediated$bn$2rdamedia
=338  \\$avolume$bnc$2rdacarrier
=490  1\$aUnited States. Dept. of Agriculture. Miscellaneous publication$vno. 861
=591  \\$bNAL Reclamation
=593  \\$fAgricola CAT
=650  \0$aForest products industry$zUnited States.
=651  \7$aUnited States.$2fast$0(OCoLC)fst01204155
=655  \3$aInternet resource.
=710  1\$aUnited States.$bForest Service.$0http://id.loc.gov/authorities/names/n79054932
=776  08$iOnline version:$aChampion, Francis John, 1898-$tProducts of American forests.$bRev.$d[Washington] U.S. Dept. of Agriculture, Forest Service; for sale by the Supt. of Docs., U.S. Govt. Print. Off., 1969$w(OCoLC)953978257
=830  \0$aMiscellaneous publication (United States. Department of Agriculture) ;$vno. 861.
=841  \\$ax   $b8709220u    0   4   uu   1870922$ez
=852  \\$aDNAL$i1 Ag84M no.861 1969
=856  41$uhttps://archive.org/details/productsofameric861cham
=912  \\$analcatalog
=930  \\$a20140305$b20140404$c00000000
=938  \\$aBaker and Taylor$bBTCP$n74602219
=939  \\$a20130417$b20130503$c00000000
=945  \\$aXIU
=945  \\$p44
=945  \\$aDigiMet
=946  \\$aUSDA
=959  \\$c2013-04-17$essouder$gde
=994  \\$a92$bAGL

