=LDR  02246cam a2200565 a 4500
=001  9915505851707426
=005  20240620212051.0
=008  010313s2000\\\\pauab\\\\bs\\f000\0\eng\\
=010  \\$a   00329693 
=016  7\$aCAT11096077$2DNAL
=019  \\$a45969835
=035  \\$a866978
=035  \\$a(OCoLC)47690083$z(OCoLC)45969835
=035  \\$a(DNAL)866978-naldb-Voyager
=035  \\$z(OCoLC)45969835
=040  \\$aDLC$beng$cDLC$dBTCTA$dAGL$dOCLCF$dOCLCO$dOCLCQ$dOCLCA
=043  \\$an-us-nh
=049  \\$aAGLL
=050  00$aSD144.N4$bF754 2000
=070  0\$aA99.9$bF7622Uf no. 146
=072  \0$aK250
=100  1\$aFrieswyk, Thomas S.
=245  10$aForest statistics for New Hampshire, 1983 and 1997 /$cThomas S. Frieswyk, Richard Widmann.
=260  \\$aNewtown Square, PA (11 Campus Blvd., Suite 200, Newtown Square, 19073-3294) :$bU.S. Dept. of Agriculture, Forest Service, Northeastern Research Station,$c[2000]
=300  \\$a130 pages :$billustrations, maps ;$c28 cm.
=336  \\$atext$btxt$2rdacontent
=337  \\$aunmediated$bn$2rdamedia
=338  \\$avolume$bnc$2rdacarrier
=490  1\$aResource bulletin NE ;$v146
=504  \\$aIncludes bibliographical references (page 12).
=591  \\$bNAL Reclamation
=593  \\$fAgricola CAT
=650  \0$aForests and forestry$zNew Hampshire$vStatistics.
=650  \0$aTimber$zNew Hampshire$vStatistics.
=650  \0$aForest surveys$zNew Hampshire.
=651  \7$aNew Hampshire.$2fast$0(OCoLC)fst01204318
=655  \3$aInternet resource.
=655  \7$aStatistics.$2fast$0(OCoLC)fst01423727
=700  1\$aWidmann, Richard H.
=710  2\$aNortheastern Forest Experiment Station (Radnor, Pa.)
=776  08$iOnline version:$aFrieswyk, Thomas S.$tForest statistics for New Hampshire.$dNewton Square, PA : U.S. Dept. of Agriculture, Forest Service, Northeastern Research Station, [2000]$w(OCoLC)623562754
=830  \0$aResource bulletin NE ;$v146.
=856  41$uhttps://archive.org/details/foreststatistics146frie
=912  \\$analcatalog
=930  \\$a20140207$b20140307$c00000000
=938  \\$aBaker and Taylor$bBTCP$n00329693
=939  \\$a20010402$b20010411$c00000000
=945  \\$dDF$e2001/02/20$fAR$g2001/03/13$n1
=945  \\$p144
=945  \\$aDigiMet
=946  \\$aUSDA
=994  \\$a92$bAGL

