=LDR  01102cam a2200349M  4500
=001  9915506444007426
=005  20221102103010.0
=008  800401s1966\\\\xx\\\\\\\\\\\f000\0\eng\d
=016  7\$aCAT10231785$2DNAL
=035  \\$a202778
=035  \\$a(OCoLC)631106348
=035  \\$a(DNAL)202778-naldb-Voyager
=040  \\$aU3G$beng$cU3G$dOCLCO$dOCLCQ
=049  \\$aAGLL
=070  \\$aA99.9$bF764Ub no. 5
=072  \0$a4500
=110  2\$aIntermountain Forest and Range Experiment Station (Ogden, Utah)$0http://id.loc.gov/authorities/names/n79062786
=245  10$aNew Mexico's Forest Resource.
=260  \\$c1966.
=300  \\$a58 pages.
=336  \\$atext$btxt$2rdacontent
=337  \\$aunmediated$bn$2rdamedia
=338  \\$avolume$bnc$2rdacarrier
=490  1\$aUSDA Forest Service Resource Bulletin INT.$v5
=591  \\$bNAL Reclamation
=700  1\$aChoate, G. A.
=830  \0$aUSDA Forest Service resource bulletin INT ;$v5.
=856  41$uhttps://archive.org/details/newmexicosforest05choa
=912  \\$analcatalog
=930  \\$a20140603$b00000000$c00000000
=945  \\$aDigiMet
=945  \\$p74
=946  \\$aUSDA
=994  \\$a92$bAGL

