=LDR  02182cam a2200541I  4500
=001  9915506583007426
=005  20240624184955.0
=008  800401s1966\\\\mdua\\\\\\\\\\000\0\eng\c
=010  \\$aagr67000082 
=016  7\$aCAT10231548$2DNAL
=019  \\$a1084307848
=035  \\$a202315
=035  \\$a(OCoLC)39360517$z(OCoLC)1084307848
=035  \\$a(DNAL)202315-naldb-Voyager
=035  \\$z(OCoLC)1084307848
=040  \\$aU.S. Nat'l Agr. Libr.$beng$cPUL$dOCLCF$dOCLCQ$dOCLCO$dCOD$dAGL
=049  \\$aAGLL
=070  0\$aA420$bR31 no. 116
=072  \0$a3500
=086  0\$aA 77.15:33-116
=100  1\$aAgee, H. R.,$d1933-$eauthor.
=245  13$aAn ultrasonic speaker for studies of the acoustic sensitivity of tympanate moths,$cby H.R. Agee and J.C. Webb.
=260  \\$a[Beltsville]$c1966.
=300  \\$a7 pages$billustrations$c29 cm.
=336  \\$atext$btxt$2rdacontent
=337  \\$aunmediated$bn$2rdamedia
=338  \\$avolume$bnc$2rdacarrier
=490  1\$aU.S. Agricultural Research Service. ARS$v33-116
=530  \\$aAlso available on the Internet.
=591  \\$bNAL Reclamation
=593  \\$fAgricola CAT
=650  \0$aMoths.$0http://id.loc.gov/authorities/subjects/sh85087552
=650  \0$aUltrasonic testing.$0http://id.loc.gov/authorities/subjects/sh85139485
=650  \0$aEcholocation (Physiology)$0http://id.loc.gov/authorities/subjects/sh85040723
=655  \3$aInternet resource.
=700  1\$aWebb, J. C.,$d1930-$eauthor.
=710  1\$aUnited States.$bAgricultural Research Service,$eissuing body.$0http://id.loc.gov/authorities/names/n79108942
=776  08$iOnline version:$aAgee, H.R., 1933-$tUltrasonic speaker for studies of the acoustic sensitivity of tympanate moths.$d[Beltsville] 1966$w(OCoLC)742310347
=830  \0$aARS (Series) (United States. Agricultural Research Service) ;$v33-116.
=856  41$uhttps://archive.org/details/ultrasonicspeake116agee
=912  \\$analcatalog
=930  \\$a20201021$b00000000$c00000000
=939  \\$a20140411$b20140502$c00000000
=939  \\$a20131022$b20131101$c00000000
=945  \\$aDigiMet
=945  \\$p12
=946  \\$aUSDA
=959  \\$c2013-10-22$essouder$gurl
=959  \\$c2020-10-21$ecbarone$gother
=994  \\$a92$bAGL

