=LDR  01633cam a2200457 a 4500
=001  9915506596407426
=005  20240624184957.0
=008  800401s1968\\\\cau\\\\\\\\\\f000\0\eng\d
=016  7\$aCAT10244175$2DNAL
=035  \\$a202728
=035  \\$a(OCoLC)28472056
=035  \\$a(DNAL)202728-naldb-Voyager
=040  \\$aCLU$beng$cCLU$dOCL$dIUL$dOCLCQ$dNUI$dOCLCO$dOCLCF$dOCLCQ$dOCLCO$dCOD$dOKS$dGPO$dOCLCQ$dAGL
=043  \\$an-us-ca
=049  \\$aAGLL
=070  \\$aA280.29$bF22I no. 61
=072  \0$a1500
=074  \\$a0065-B
=086  0\$aA 89.15:61
=245  00$aFiling rail grain loss claims. /$c[by Gene F. Miller].
=260  \\$a[Washington, D.C.] :$bFarmer Cooperative Service, U.S. Dept. of Agriculture.,$c[1968]
=300  \\$a21 leaves ;$c26 cm
=336  \\$atext$btxt$2rdacontent
=337  \\$aunmediated$bn$2rdamedia
=338  \\$avolume$bnc$2rdacarrier
=490  1\$aFCS information ;$vno. 61
=591  \\$bNAL Reclamation
=593  \\$fAgricola CAT
=650  \0$aGrain$xTransportation$xRates$zUnited States.
=650  \0$aGrain trade$zUnited States$xCosts.
=651  \7$aUnited States.$2fast$0(OCoLC)fst01204155
=655  \3$aInternet resource.
=700  1\$aMiller, Gene F.$q(Gene Franklin)$0http://id.loc.gov/authorities/names/no2006012779
=710  1\$aUnited States.$bFarmer Cooperative Service.$0http://id.loc.gov/authorities/names/n79086753
=830  \0$aFCS information ;$v61.
=856  41$uhttps://archive.org/details/filingrailgrainl61mill
=912  \\$analcatalog
=930  \\$a20140306$b00000000$c00000000
=945  \\$aDigiMet
=945  \\$p28
=946  \\$aOther US
=959  \\$c2014-03-06$earojas$gap
=994  \\$a92$bAGL

