=LDR  01014cam a2200349M  4500
=001  9915506617407426
=005  20240624184952.0
=008  800401s1968\\\\dcu\\\\\\\\\\\000\0\eng\d
=016  7\$aCAT10244067$2DNAL
=035  \\$a202516
=035  \\$a(OCoLC)1289003097
=035  \\$a(DNAL)202516-naldb-Voyager
=040  \\$aAGL$beng$cAGL
=049  \\$aAGLL
=070  \\$aA280.39$bR31A no. 22
=072  \0$a1500
=100  1\$aLipton, Werner J.,$d1928-
=245  10$aSalvaging of unripe processing tomatoes harvested by machine.
=260  \\$a[Washington]$c1968.
=300  \\$a9 p.$billus.
=490  1\$aU.S. Agricultural Research Service. ARS 51-22
=504  \\$aBibliography: p. 7-8.
=591  \\$bNAL Reclamation
=593  \\$fAgricola CAT
=655  \3$aInternet resource.
=830  \0$aARS 51 ;$v22.
=856  41$uhttps://archive.org/details/salvagingofunrip22lipt
=912  \\$analcatalog
=930  \\$a20140306$b00000000$c00000000
=945  \\$aDigiMet
=945  \\$p16
=946  \\$aUSDA
=959  \\$c2014-03-06$earojas$gap
=994  \\$a92$bAGL

