=LDR  01697cam a2200421Ma 4500
=001  9915506632907426
=005  20240624185014.0
=008  800401s1965\\\\laua\\\\\b\\\f100\0\eng\d
=016  7\$aCAT10231825$2DNAL
=035  \\$a202857
=035  \\$a(OCoLC)1289048674
=035  \\$a(DNAL)202857-naldb-Voyager
=040  \\$aAGL$beng$cAGL
=049  \\$aAGLL
=070  0\$aA381$bR31 no. 41
=072  \0$a1500
=111  2\$aCotton Utilization Research Conference$n(4th :$d1964 :$cNew Orleans, La.)
=245  10$aProceedings of the fourth Cotton Utilization Research Conference :$bheld at New Orleans, Louisiana, April 30 and May 1, 1964 /$cAgricultural Research Service, United States Department of Agriculture.
=260  \\$aNew Orleans, La. :$bUnited States Department of Agriculture, Agricultural Research Service, Southern Utilization Research & Development Division,$c[1965]
=300  \\$aiv, 68 p. :$bill.
=490  1\$aU.S. Agricultural Research Service. ARS 72-41
=504  \\$aIncludes bibliographical references.
=591  \\$bNAL Reclamation
=593  \\$fAgricola CAT
=650  \0$aCotton$xResearch$vCongresses.
=655  \3$aInternet resource.
=710  1\$aUnited States.$bAgricultural Research Service.$bSouthern Utilization Research and Development Division.
=830  \0$aARS 72 ;$v41.
=856  41$uhttps://archive.org/details/proceedingsoffou7241cott
=912  \\$analcatalog
=930  \\$a20140115$b20140207$c00000000
=939  \\$a20130314$b20130404$c00000000
=945  \\$aDigiMet
=945  \\$p80
=946  \\$aUSDA
=959  \\$c2014-01-15$essouder$gurl
=959  \\$c2013-03-14$ejgilbert$gsubjadd
=959  \\$c2013-03-14$ejgilbert$gde
=959  \\$c2013-03-14$ejgilbert$gaccadd
=994  \\$a92$bAGL

