=LDR  01059cam a2200337M  4500
=001  9915508038007426
=005  20240624190156.0
=008  800401s1965\\\\mx\\\\\\\\\\\\000\0\eng\d
=016  7\$aCAT10248574$2DNAL
=035  \\$a184707
=035  \\$a(OCoLC)1289151676
=035  \\$a(DNAL)184707-naldb-Voyager
=040  \\$aAGL$beng$cAGL
=049  \\$aAGLL
=070  \\$a1$bAg84M no. 926 1965 Spanish ed.
=072  \0$a8500
=100  1\$aRobinson, August R.,$d1921-
=245  10$aDistribucion, control y aforo del agua, para irrigacion en la granja.
=250  \\$a[2 ed. en espanol].
=260  \\$aMexico$c[1965]
=300  \\$a27 p.$billus.
=591  \\$bNAL Reclamation
=593  \\$fAgricola CAT
=655  \3$aInternet resource.
=700  1\$aRobinson, August R.,$d1921-$tDistribution, control, and measurement of irrigation water on the farm.
=856  41$uhttps://archive.org/details/distribucioncont926robi
=912  \\$analcatalog
=930  \\$a20140305$b00000000$c00000000
=945  \\$aDigiMet
=945  \\$p36
=946  \\$aUSDA
=959  \\$c2013-06-27$ejgilbert$glf
=994  \\$a92$bAGL

