=LDR  01947cam a2200493 a 4500
=001  9915508081307426
=005  20240624190156.0
=008  800401s1967\\\\orua\\\\\b\\\f000\0\eng\d
=016  7\$aCAT10236193$2DNAL
=019  \\$a1039855038$a1231927235
=035  \\$a184774
=035  \\$a(OCoLC)58993564$z(OCoLC)1039855038$z(OCoLC)1231927235
=035  \\$a(DNAL)184774-naldb-Voyager
=035  \\$z(OCoLC)1039855038$z(OCoLC)1231927235
=040  \\$aORE$beng$cORE$dOCL$dMTG$dOCLCF$dOCLCO$dOCLCQ$dAGM$dWURST$dOCLCQ$dAGL
=049  \\$aAGLL
=050  \0$aSD143$b.U51 no.52
=070  \\$aA99.9$bF7625U no. 52
=072  \0$a4500
=086  0\$aA 13.79:PNW-52
=100  1\$aLysons, Hilton H.$0http://id.loc.gov/authorities/names/n84801940
=245  10$aSingle-span running skylines /$cby Hilton H. Lysons and Charles N. Mann.
=260  \\$aPortland, Or. :$bPacific Northwest Forest and Range Experiment Station, U.S. Dept. of Agriculture,$c[1967]
=300  \\$a7 pages :$billustrations ;$c28 cm
=336  \\$atext$btxt$2rdacontent
=337  \\$aunmediated$bn$2rdamedia
=338  \\$avolume$bnc$2rdacarrier
=490  1\$aU.S. Forest Service research note PNW ;$v52
=504  \\$aIncludes bibliographical references.
=591  \\$bNAL Reclamation
=593  \\$fAgricola CAT
=650  \0$aLogging, Skyline.$0http://id.loc.gov/authorities/subjects/sh85078103
=650  \3$acableways.
=655  \3$aInternet resource.
=700  1\$aMann, Charles N.$0http://id.loc.gov/authorities/names/n82225788
=710  2\$aPacific Northwest Forest and Range Experiment Station (Portland, Or.)$0http://id.loc.gov/authorities/names/n80126131
=830  \0$aU.S. Forest Service research note PNW ;$v52.
=856  41$uhttps://archive.org/details/singlespanrunnin52lyso_0
=912  \\$analcatalog
=930  \\$a20140701$b00000000$c00000000
=945  \\$aDigiMet
=945  \\$p12
=946  \\$aUSDA
=959  \\$c2014-05-06$earojas$gap
=959  \\$c2014-07-01$earojas$gap
=994  \\$a92$bAGL

