=LDR  01251cam a2200397M  4500
=001  9915508104207426
=005  20240624190209.0
=008  800401s1966\\\\dcu\\\\\\\\\\\000\0\eng\d
=016  7\$aCAT10236049$2DNAL
=035  \\$a184495
=035  \\$a(OCoLC)1289019887
=035  \\$a(DNAL)184495-naldb-Voyager
=040  \\$aAGL$beng$cAGL
=049  \\$aAGLL
=070  \\$aA381$bR31A no. 53
=072  \0$a1500
=100  1\$aKomanowsky, Michael,$d1932-
=245  10$aDrum-dried mushroom powder, a new product$c[by M. Komanowsky and others.
=260  \\$aWashington]$bAgricultural Research Service, U.S. Dept. of Agriculture,$c1966.
=300  \\$aiv, 15 p.$billus.$c27 cm.
=490  1\$a[U.S. Agricultural Service] ARS 73-53
=504  \\$aBibliography: p. 15.
=591  \\$bNAL Reclamation
=593  \\$fAgricola CAT
=650  \0$aMushroom products.
=655  \3$aInternet resource.
=700  1\$aTurkot, V. A.
=700  1\$aTalley, Florence B.
=700  1\$aEskew, Roderick K.$q(Roderick Koenig),$d1897-
=830  \0$aARS 73 ;$v53.
=856  41$uhttps://archive.org/details/drumdriedmushroo7353koma
=912  \\$analcatalog
=930  \\$a20140414$b20140502$c00000000
=945  \\$aDigiMet
=945  \\$p24
=946  \\$aUSDA
=959  \\$c2014-04-14$earojas$gap
=994  \\$a92$bAGL

