=LDR  01156cam a2200361M  4500
=001  9915508197907426
=005  20240620175025.0
=008  800401s1966\\\\dcu\\\\\\\\\\\000\0\eng\d
=016  7\$aCAT10236135$2DNAL
=035  \\$a184662
=035  \\$a(OCoLC)1289019601
=035  \\$a(DNAL)184662-naldb-Voyager
=040  \\$aAGL$beng$cAGL
=049  \\$aAGLL
=070  \\$aA64.9$bR31A no. 84
=072  \0$a7000
=100  1\$aLeppik, Elmar E.,$d-1978.
=245  10$aMultiple screening of corn introductions for resistance to diseases and insects$c[by E. E. Leppik.
=260  \\$aWashington]$bAgricultural Research Service, U.S. Dept. of Agriculture,$c1966.
=300  \\$a15 p.$billus.$c26 cm.
=490  1\$a[U.S. Agricultural Research Service] ARS 34-84
=504  \\$aBibliography: p. 15.
=591  \\$bNAL Reclamation
=593  \\$fAgricola CAT
=650  \0$aPlant inoculation.
=650  \0$aCorn$xDiseases and pests.
=655  \3$aInternet resource.
=830  \0$aARS 34 ;$v84.
=856  41$uhttps://archive.org/details/multiplescreenin3484lepp
=912  \\$analcatalog
=930  \\$a20140209$b20140307$c00000000
=945  \\$aDigiMet
=945  \\$p20
=946  \\$aUSDA
=994  \\$a92$bAGL

