=LDR  01935cam a2200517Ia 4500
=001  9915508221707426
=005  20240624190210.0
=008  800401s1969\\\\dcu\\\\\\b\\\f000\0\eng\d
=016  7\$aCAT10248539$2DNAL
=035  \\$a184639
=035  \\$a(OCoLC)70288507
=035  \\$a(DNAL)184639-naldb-Voyager
=040  \\$aIWA$beng$cIWA$dOCLCO$dOCLCQ$dCOD$dOCLCA$dOCLCF$dAGL
=049  \\$aAGLL
=050  \0$aSB933.2$bR47x 1969
=070  0\$aA420$bR31 no. 132
=072  \0$a3500
=086  0\$aA 77.15:33-132
=100  1\$aWallace, L. E.,$d1919-
=245  00$aResistance of varieties of Portuguese wheat, Triticum aestivum L. Em. Thell., to the wheat stem sawfly /$c[by L.E. Wallace [and others].
=260  \\$a[Washington, D.C.?] :$bU.S. Dept. of Agriculture, Agricultural Research Service,$c1969.
=300  \\$a8 pages ;$c26 cm.
=336  \\$atext$btxt$2rdacontent
=337  \\$aunmediated$bn$2rdamedia
=338  \\$avolume$bnc$2rdacarrier
=490  1\$aARS ;$v33-132
=504  \\$aIncludes bibliographical references (pages 7-8).
=530  \\$aAlso available online.
=591  \\$bNAL Reclamation
=593  \\$fAgricola CAT
=650  \0$aWheat$xInsect resistance.
=650  \0$aPlants$xInsect resistance.$0http://id.loc.gov/authorities/subjects/sh89000676
=650  \0$aSawflies$xControl.
=655  \3$aInternet resource.
=700  1\$aMcNeal, F. H.$0http://id.loc.gov/authorities/names/n81041521
=700  1\$aBerg, M. A.
=700  1\$aLuginbill, Philip.$0http://id.loc.gov/authorities/names/n88628908
=710  1\$aUnited States.$bAgricultural Research Service.
=830  \0$aARS (Series) (United States. Agricultural Research Service) ;$v33-132.
=856  41$uhttps://archive.org/details/resistanceofvari132wall
=912  \\$analcatalog
=930  \\$a20201010$b00000000$c00000000
=945  \\$aDigiMet
=945  \\$p12
=946  \\$aUSDA
=959  \\$c2013-10-22$essouder$gurl
=959  \\$c2020-10-09$ecbarone$gupgrade
=994  \\$a92$bAGL

