=LDR  01011cam a2200337M  4500
=001  9915508230807426
=005  20240624190154.0
=008  800401s1965\\\\mx\\\\\\\\\\\\000\0\eng\d
=016  7\$aCAT10248577$2DNAL
=035  \\$a184712
=035  \\$a(OCoLC)1289124153
=035  \\$a(DNAL)184712-naldb-Voyager
=040  \\$aAGL$beng$cAGL
=049  \\$aAGLL
=070  \\$a1$bAg84M no. 859 1965 Spanish ed.
=072  \0$a3000
=100  1\$aRockey, J. W.$q(John Wesley),$d1909-
=245  10$aSistema de albergue libre para ganado lechero.
=250  \\$a[1 ed. en espanol.
=260  \\$aMexico,$c1965]
=300  \\$a18 p.$billus.
=591  \\$bNAL Reclamation
=593  \\$fAgricola CAT
=655  \3$aInternet resource.
=700  1\$aRockey, John Wesley,$d1909-$tLoose-housing system for dairy cattle.
=856  41$uhttps://archive.org/details/sistemadealbergu859rock
=912  \\$analcatalog
=930  \\$a20140306$b00000000$c00000000
=945  \\$aDigiMet
=945  \\$p24
=946  \\$aNon-US
=959  \\$c2014-03-06$earojas$gap
=994  \\$a92$bAGL

