=LDR  02280cam a2200601Ii 4500
=001  9915508670007426
=005  20240624190247.0
=008  800401s1966\\\\mnua\\\\\s\\\f000\0\eng\d
=016  7\$aCAT10231237$2DNAL
=035  \\$a201706
=035  \\$a(OCoLC)05063921
=035  \\$a(DNAL)201706-naldb-Voyager
=040  \\$aMLR$beng$cMLR$dOCLCQ$dMTG$dNUI$dOCLCQ$dOCLCF$dOCLCQ$dOCLCO$dCOD$dOCLCA$dAGM$dOCLCA$dAGL
=043  \\$an-us-mn
=049  \\$aAGLL
=050  \0$aSD144.M6$bS76x
=070  0\$aaSD11.A35$bno. 1
=072  \0$a4500
=086  0\$aA 13.80:NC-1
=100  1\$aStone, Robert N.$0http://id.loc.gov/authorities/names/n79117305
=245  12$aA third look at Minnesota's timber /$cby Robert N. Stone.
=260  \\$aSt. Paul :$bNorth Central Forest Experiment Station,$c1966.
=300  \\$a64 pages :$billustrations ;$c27 cm.
=336  \\$atext$btxt$2rdacontent
=337  \\$aunmediated$bn$2rdamedia
=338  \\$avolume$bnc$2rdacarrier
=490  1\$aResource bulletin - U.S. Forest Service ;$vNC-1
=530  \\$aAlso available via remote access.
=591  \\$bNAL Reclamation
=593  \\$fAgricola CAT
=650  \0$aForests and forestry$zMinnesota.
=650  \0$aForests and forestry$xResearch$zMinnesota.
=650  \0$aForest products$zMinnesota.
=651  \7$aMinnesota.$2fast$0(OCoLC)fst01204560
=650  \3$aForest surveys.
=650  \3$aVolume.
=650  \3$aForest products.
=650  \3$aForest resources.
=650  \3$aForest ownership.
=651  \3$aMississippi.
=710  1\$aUnited States.$bDepartment of Agriculture.
=710  2\$aNorth Central Forest Experiment Station (Saint Paul, Minn.)$0http://id.loc.gov/authorities/names/n80044737
=776  08$iOnline version:$aStone, Robert N.$tThird look at Minnesota's timber.$dSt. Paul : North Central Forest Experiment Station, 1966$w(OCoLC)621548797
=830  \0$aUSDA Forest Service resource bulletin NC ;$v1.
=856  41$uhttps://www.nrs.fs.fed.us/pubs/rb/rb_nc001.pdf
=856  41$uhttps://archive.org/details/thirdlookatminne01ston
=912  \\$analcatalog
=930  \\$a20201021$b00000000$c00000000
=939  \\$a20040802$b20040901$c00000000
=945  \\$aDigiMet
=945  \\$p76
=946  \\$aUSDA
=959  \\$c2013-06-04$essouder$gurlc
=959  \\$c2020-10-21$ecbarone$gother
=994  \\$a92$bAGL

