=LDR  01913cam a2200481   4500
=001  9915508685307426
=005  20240624190251.0
=008  800401s1967\\\\dcua\\\\\b\\\\100\0\eng\c
=010  \\$aagr68000237 
=016  7\$aCAT10243463$2DNAL
=035  \\$a201332
=035  \\$a(OCoLC)00035392
=035  \\$a(DNAL)201332-naldb-Voyager
=040  \\$aU.S. Nat'l Agr. Libr.$beng$cDLC$dOCL$dOCLCQ$dBTCTA$dOCLCO$dOCLCF$dOCLCQ$dOCL$dAGL
=049  \\$aAGLL
=070  0\$aA381$bR31 no. 59
=072  \0$a1500
=111  2\$aConference on Citrus Chemistry and Utilization$d(1966 :$cWinter Haven)
=245  10$aCitrus Chemistry and Utilization Conference;$bproceedings.
=260  \\$a[Washington]$bAgricultural Research Service, U.S. Dept. of Agriculture,$c1967.
=300  \\$aii, 35 pages$billustrations$c27 cm.
=336  \\$atext$btxt$2rdacontent
=337  \\$aunmediated$bn$2rdamedia
=338  \\$avolume$bnc$2rdacarrier
=490  1\$a[United States. Agricultural Research Service] ARS$v72-59
=504  \\$aIncludes bibliographical references (pages 31-35).
=591  \\$bNAL Reclamation
=593  \\$fAgricola CAT
=650  \0$aCitrus fruits$vCongresses.
=650  \3$aCitrus$xComposition$vCongresses.
=655  \3$aInternet resource.
=655  \7$aConference papers and proceedings.$2fast$0(OCoLC)fst01423772
=710  1\$aUnited States.$bAgricultural Research Service.$bSouthern Utilization Research and Development Division.$0http://id.loc.gov/authorities/names/n84046610
=810  1\$aUnited States.$bAgricultural Research Service.$tARS ;$v72-59.
=856  41$uhttps://archive.org/details/citruschemistryu7259conf
=912  \\$analcatalog
=930  \\$a20140115$b20140207$c00000000
=938  \\$aBaker and Taylor$bBTCP$nagr68000237
=939  \\$a20130315$b20130404$c00000000
=945  \\$aDigiMet
=945  \\$p44
=946  \\$aUSDA
=959  \\$c2014-01-15$essouder$gurl
=959  \\$c2013-03-15$ejgilbert$gde
=994  \\$a92$bAGL

