=LDR  01854cam a2200493Ia 4500
=001  9915508695307426
=005  20240624190245.0
=008  800401s1965\\\\dcuab\\\\b\\\f000\0\eng\d
=016  7\$aCAT10231132$2DNAL
=035  \\$a201500
=035  \\$a(OCoLC)36036300
=035  \\$a(DNAL)201500-naldb-Voyager
=040  \\$aCOF$beng$cCOF$dOCLCQ$dOCLCF$dOCLCQ$dOCLCO$dOCLCA$dAGL
=043  \\$an-us-az
=049  \\$aAGLL
=070  0\$aA56.9$bR31 no. 108
=072  \0$a5000
=086  0\$aA 77.15:ARS-41-108
=100  1\$aSeff, Philip,$eauthor.$0http://id.loc.gov/authorities/names/n90602504
=245  10$aRates of rounding of quartz granules and nature of sedimentary maturity, San Pedro Valley, Cochise County, Arizona /$c[Philip Seff and Walter Smith].
=260  \\$a[Washington] :$b[U.S. Dept. of Agriculture],$c[1965]
=300  \\$a11 pages :$billustrations, map ;$c26 cm.
=336  \\$atext$btxt$2rdacontent
=337  \\$aunmediated$bn$2rdamedia
=338  \\$avolume$bnc$2rdacarrier
=490  1\$aARS ;$v41-108
=504  \\$aIncludes bibliographical references.
=530  \\$aAlso available on the Internet.
=591  \\$bNAL Reclamation
=593  \\$fAgricola CAT
=650  \0$aSediment transport$zArizona$zCochise County.
=650  \0$aSedimentation and deposition$zArizona$zCochise County.
=651  \7$aArizona$zCochise County.$2fast$0(OCoLC)fst01207405
=655  \3$aInternet resource.
=700  1\$aSmith, Walter,$eauthor.
=710  1\$aUnited States.$bAgricultural Research Service.
=830  \0$aARS (Series) (United States. Agricultural Research Service) ;$v41-108.
=856  41$uhttps://archive.org/details/ratesofroundingo10seff
=912  \\$analcatalog
=930  \\$a20201021$b00000000$c00000000
=945  \\$aDigiMet
=945  \\$p20
=946  \\$aUSDA
=959  \\$c2013-10-22$essouder$gurl
=959  \\$c2020-10-21$ecbarone$gother
=994  \\$a92$bAGL

