=LDR  02227cam a2200541Ia 4500
=001  9915508716107426
=005  20240624190251.0
=008  800401s1966\\\\cau\\\\\\b\\\f000\0\eng\d
=016  7\$aCAT10231036$2DNAL
=035  \\$a201309
=035  \\$a(OCoLC)25484019
=035  \\$a(DNAL)201309-naldb-Voyager
=040  \\$aWCA$beng$cWCA$dOCL$dAGL$dOCLCQ$dOCLCF$dOCLCQ$dOCLCA
=049  \\$aAGLL
=070  0\$aA56.9$bR31 no. 121
=100  1\$aReginato, R. J.$q(Robert J.)$0http://id.loc.gov/authorities/names/n91108081
=245  10$aRepair of cracks in concrete channel linings /$c[Robert J. Reginato and Lloyd E. Myers].
=260  \\$a[Washington?] :$bU.S. Dept. of Agriculture,$c[1966]
=300  \\$a8 pages ;$c28 cm.
=336  \\$atext$btxt$2rdacontent
=337  \\$aunmediated$bn$2rdamedia
=338  \\$avolume$bnc$2rdacarrier
=490  1\$aARS ;$v41-121
=504  \\$aIncludes bibliographical references.
=530  \\$aAlso available on the Internet.
=591  \\$bNAL Reclamation
=593  \\$fAgricola CAT
=650  \0$aCanals$xMaintenance and repair.
=650  \0$aConcrete construction.$0http://id.loc.gov/authorities/subjects/sh85030704
=650  \0$aWaterproofing.$0http://id.loc.gov/authorities/subjects/sh85145745
=655  \3$aInternet resource.
=700  1\$aMyers, Lloyd E.$0http://id.loc.gov/authorities/names/n83143108
=710  1\$aUnited States.$bAgricultural Research Service.
=776  08$iOnline version:$aReginato, R. J. (Robert J.)$tRepair of cracks in concrete channel linings.$d[Washington?] : U.S. Dept. of Agriculture, [1966]$w(OCoLC)952003739
=830  \0$aARS (Series) (United States. Agricultural Research Service) ;$v121.
=856  \1$uhttp://handle.nal.usda.gov/10113/50502$zAvailable in NAL's Digital Repository
=856  41$uhttps://archive.org/details/repairofcracksin12regi
=910  \\$aUSDA$bARS
=912  \\$analcatalog
=930  \\$a20201021$b00000000$c00000000
=939  \\$a20131022$b20131101$c00000000
=939  \\$a20111101$b20111104$c00000000
=945  \\$aDigiMet
=945  \\$p14
=946  \\$aUSDA
=958  \\$be$c2011-11-01$dn$ergallett$hag
=959  \\$c2015-04-20$essouder$gother
=959  \\$c2013-10-22$essouder$gurl
=959  \\$c2020-10-21$ecbarone$gother
=994  \\$a92$bAGL

