=LDR  01373cam a2200445Mi 4500
=001  9915509090007426
=005  20240624190307.0
=008  950525t18961892mau\\\\\\\\\\\000\0\eng\d
=016  7\$aCAT11040877$2DNAL
=035  \\$a739967
=035  \\$a(OCoLC)71106647
=035  \\$a(DNAL)739967-naldb-Voyager
=040  \\$aAGL$beng$cAGL$dISL$dOCLCQ$dOCLCF$dOCLCO$dOCLCQ$dOCLCA$dAGL
=049  \\$aRQIB
=070  0\$a389.1$bAt5S 1896a
=072  \0$aT000
=100  1\$aAtkinson, Edward,$d1827-1905.$0http://id.loc.gov/authorities/names/n85809272
=245  14$aThe science of nutrition.
=260  \\$aBoston :$bDamrell & Upham,$c1896 [©1892]
=300  \\$a254 pages
=336  \\$atext$btxt$2rdacontent
=337  \\$aunmediated$bn$2rdamedia
=338  \\$avolume$bnc$2rdacarrier
=530  \\$aAlso available on the Internet.
=591  \\$bNAL Reclamation
=593  \\$fAgricola CAT
=650  \0$aCooking.
=650  \3$ahuman nutrition.
=655  \3$aInternet resource.
=856  41$uhttp://archive.org/details/scienceofnutr00atki
=911  \\$ichl00154318
=911  \\$ichl00154317
=912  \\$analcatalog
=930  \\$a20210526$b00000000$c00000000
=939  \\$a20130906$b20131018$c00000000
=939  \\$a20130130$b20130201$c00000000
=945  \\$aDigiMet
=945  \\$p280
=946  \\$aOther US
=959  \\$c2013-09-06$essouder$gurl
=959  \\$c2021-05-26$earojas$gupgrade
=994  \\$a92$bAGL

