=LDR  01083cam a22003251  4500
=001  9915510189507426
=005  20240620185108.0
=008  881130s1882\\\\ctu\\\\\\\\\\\000\0\eng\d
=010  \\$aagr07001772  //r
=016  7\$aCAT10945066$2DNAL
=035  \\$90945-06660
=035  \\$a684107
=035  \\$a(DNAL)684107-naldb-Voyager
=040  \\$dUPRA$dAGL
=049  \\$aRQIB
=070  0\$a47$bSt6Hf
=072  \0$aL500
=072  \0$aR000
=100  1\$aStoddard, H. Hudson.
=245  10$aHow to feed fowls :$ba treatise on the proper foods for poultry, from the shell to maturity, for laying or breeding stock, and for exhibition or market purposes. The kind, quality, and amount fully described /$cby H.H. Stoddard ...
=260  \\$aHartford, CT :$b[s.n.],$c1882.
=300  \\$a48 p. :$bill. ;$c19 cm.
=593  \\$fAgricola CAT
=650  \0$aPoultry$xFeeding and feeds.
=655  \3$aInternet resource
=856  41$uhttps://archive.org/details/howtofeedfowlstr00stod
=911  \\$ichl00017937
=912  \\$analcatalog
=930  \\$a20140702$b20140807$c00000000
=945  \\$aDigiMet
=945  \\$p56
=946  \\$aOther US

