=LDR  02027cam a2200481Ia 4500
=001  9915443364907426
=005  20240620152349.0
=008  890419s1947\\\\dcu\\\\\\s\\\f000\0\eng\d
=016  7\$aCAT10308706$2DNAL
=035  \\$a348050
=035  \\$a(OCoLC)15701653
=035  \\$a(DNAL)348050-naldb-Voyager
=040  \\$aRQF$beng$cRQF$dAGL$dOCLCQ$dLHL$dOCLCQ$dOCLCF$dOCLCO$dOCLCA
=043  \\$an-us---
=049  \\$aAGLY
=050  \0$aS21$b.A46 no.637
=070  0\$a1$bAg84M no.637
=072  \0$aL200
=086  0\$aA 1.38:637
=245  00$aList of sires proved in dairy-herd-improvement associations, 1947 /$ccompiled by Division of Dairy Herd Improvement Investigations, Bureau of Dairy Industry, Agricultural Research Administration.
=260  \\$aWashington, D.C. :$bU.S. Dept. of Agriculture,$c1947.
=300  \\$a66 pages ;$c23 cm.
=336  \\$atext$btxt$2rdacontent
=337  \\$aunmediated$bn$2rdamedia
=338  \\$avolume$bnc$2rdacarrier
=490  1\$aMiscellaneous publication / United States Department of Agriculture ;$vno. 637
=591  \\$bNAL Reclamation
=593  \\$fAgricola CAT
=650  \0$aDairy cattle breeds.$0http://id.loc.gov/authorities/subjects/sh85035438
=650  \0$aDairy cattle$xBreeding$zUnited States.
=651  \7$aUnited States.$2fast$0(OCoLC)fst01204155
=655  \3$aInternet resource.
=710  1\$aUnited States.$bDivision of Dairy Herd Improvement Investigations.$0http://id.loc.gov/authorities/names/no2005089915
=776  08$iOnline version:$tList of sires proved in dairy-herd-improvement associations, 1947.$dWashington, D.C. : U.S. Dept. of Agriculture, 1947$w(OCoLC)990326523
=830  \0$aMiscellaneous publication (United States. Department of Agriculture) ;$vno. 637.
=841  \\$ax   $b8709220u    0   4   uu   1870922$ez
=852  \\$aDNAL$i1 Ag84M no.637
=856  41$uhttps://archive.org/details/listofsiresprove637unit
=912  \\$analcatalog
=930  \\$a20170505$b20170601$c00000000
=945  \\$aUIU
=945  \\$p74
=945  \\$aDigiMet
=946  \\$aUSDA
=994  \\$a92$bAGL

