=LDR  02383cam a2200517Ia 4500
=001  9915443385607426
=005  20240620152345.0
=008  890419s1947\\\\dcu\\\\\\rs\\f000\0\eng\d
=016  7\$aCAT10310167$2DNAL
=035  \\$a348121
=035  \\$a(OCoLC)15701920
=035  \\$a(DNAL)348121-naldb-Voyager
=040  \\$aRQF$beng$cRQF$dAGL$dIUL$dOCLCQ$dVA@$dOCLCQ$dOCLCO$dOCLCA$dOCLCF
=043  \\$an-us---
=049  \\$aAGLY
=050  \0$aS21$b.A46 no.644
=070  0\$a1$bAg84M no.644
=072  \0$aL200
=086  0\$aA 1.38:644
=245  00$aDirectory of U.S. Register of Merit sires and dams qualifying under the National Poultry Improvement Plan, 1945-1946 /$c[compiled by the National Poultry Improvement Plan staff, Bureau of Animal Industry, Agricultural Research Administration].
=260  \\$aWashington, D.C. :$bU.S. Dept. of Agriculture,$c1947.
=300  \\$a91 pages ;$c23 cm.
=336  \\$atext$btxt$2rdacontent
=337  \\$aunmediated$bn$2rdamedia
=338  \\$avolume$bnc$2rdacarrier
=490  1\$aMiscellaneous publication / United States Department of Agriculture ;$vno. 644
=591  \\$bNAL Reclamation
=593  \\$fAgricola CAT
=610  20$aNational Poultry Improvement Plan (U.S.)$0http://id.loc.gov/authorities/names/n85054737
=610  27$aNational Poultry Improvement Plan (U.S.)$2fast$0(OCoLC)fst00600610
=650  \0$aNational poultry improvement plan.
=650  \0$aPoultry$xBreeding$zUnited States.$0http://id.loc.gov/authorities/subjects/sh85105917
=650  \0$aPoultry breeds.$0http://id.loc.gov/authorities/subjects/sh85105923
=651  \7$aUnited States.$2fast$0(OCoLC)fst01204155
=655  \3$aInternet resource.
=710  1\$aUnited States.$bBureau of Animal Industry.$0http://id.loc.gov/authorities/names/n82020789
=776  08$iOnline version:$tDirectory of U.S. Register of Merit sires and dams qualifying under the National Poultry Improvement Plan, 1945-1946.$dWashington, D.C. : U.S. Dept. of Agriculture, 1947$w(OCoLC)778224097
=830  \0$aMiscellaneous publication (United States. Department of Agriculture) ;$vno. 644.
=841  \\$ax   $b8709220u    0   4   uu   1870922$ez
=852  \\$aDNAL$i1 Ag84M no.644
=856  41$uhttps://archive.org/details/directoryofusreg644unit
=912  \\$analcatalog
=930  \\$a20140305$b20140404$c00000000
=945  \\$aUIU
=945  \\$p100
=945  \\$aDigiMet
=946  \\$aUSDA
=994  \\$a92$bAGL

