=LDR  01696cam a2200481Ia 4500
=001  9915443421407426
=005  20240624181806.0
=008  890419s1958\\\\dcuae\\\\\\\\f000\0\eng\d
=016  7\$aCAT10310562$2DNAL
=035  \\$a348142
=035  \\$a(OCoLC)15720679
=035  \\$a(DNAL)348142-naldb-Voyager
=040  \\$aRQF$beng$cRQF$dAGL$dIUL$dOCLCQ$dOCLCF$dOCLCO$dOCLCA$dSFR$dOCL
=049  \\$aAGLY
=050  \0$aS21$b.A46 no.747
=070  0\$a1$bAg84M no.747
=072  \0$aL500
=072  \0$aN100
=086  0\$aA 1.38:747
=245  00$aCattle hay rack.
=260  \\$aWashington, D.C. :$bU.S. Dept. of Agriculture,$c1958.
=300  \\$a1 sheet :$billustrations, 1 plan ;$c28 cm.
=336  \\$atext$btxt$2rdacontent
=337  \\$aunmediated$bn$2rdamedia
=338  \\$asheet$bnb$2rdacarrier
=490  1\$aMiscellaneous publication / United States Department of Agriculture ;$vno. 747
=591  \\$bNAL Reclamation
=593  \\$fAgricola CAT
=650  \0$aFarm buildings$vDesigns and plans.
=650  \0$aCattle$xFeeding and feeds$xEquipment and supplies.$0http://id.loc.gov/authorities/subjects/sh85021326
=655  \3$aInternet resource.
=655  \7$aArchitectural drawings.$2fast$0(OCoLC)fst01986246
=710  1\$aUnited States.$bDepartment of Agriculture.
=830  \0$aMiscellaneous publication (United States. Department of Agriculture) ;$vno. 747.
=841  \\$ax$b8709220u    0   4   uu   1870922$ez
=852  \\$aDNAL$i1 Ag84M no.747
=856  41$uhttps://archive.org/details/cattlehayrack747unit
=912  \\$analcatalog
=930  \\$a20140305$b20140404$c00000000
=945  \\$aUIU
=945  \\$p6
=945  \\$aDigiMet
=946  \\$aUSDA
=959  \\$c2013-04-02$essouder$gap
=994  \\$a92$bAGL

