=LDR  04623cas a2200781 a 4500
=001  9915443537807426
=005  20240620152351.0
=008  970325d19221962dcuwr\p\\\s\\f0\\\\0eng\c
=010  \\$asn 91034526 
=012  \\$i9110
=016  7\$aCAT10824434$2DNAL
=019  \\$a1569714$a145338204
=035  \\$a793234
=035  \\$a(OCoLC)01482239$z(OCoLC)1569714$z(OCoLC)145338204
=035  \\$a(DNAL)793234-naldb-Voyager
=035  \\$z(OCoLC)1569714$z(OCoLC)145338204
=040  \\$aFUL$beng$cFUL$dNSD$dMUL$dIUL$dPIT$dOCL$dNYG$dHUL$dNYG$dAGL$dDLC$dIUL$dOCLCQ$dOHI$dHBS$dKRTAS$dOCLCQ$dOCLCF$dOCLCQ
=042  \\$apcc
=049  \\$aAGLL
=050  00$aHD9000.4$b.U48
=070  0\$a1.9$bSt2F
=072  \0$aE700
=086  0\$aA 67.8:
=245  00$aForeign crops and markets /$cissued weekly by the Bureau of Markets and Crop Estimates, U.S. Department of Agriculture.
=260  \\$aWashington, D.C. :$bBureau of Markets and Crop Estimates,$c[1922-1962]
=300  \\$a82 volumes :$billustrations ;$c28 cm
=310  \\$aWeekly
=336  \\$atext$btxt$2rdacontent
=337  \\$aunmediated$bn$2rdamedia
=338  \\$avolume$bnc$2rdacarrier
=362  0\$aVol. 4, no. 4 (Mar. 1, 1922)-v. 85, no. 26 (Dec. 24, 1962).
=515  \\$aVols. 1-4, no. 3 not published.
=525  \\$aSome no. accompanied by supplements.
=530  \\$aAlso issued on microfilm from University Microfilms.
=530  \\$aAlso available on microfilm from University Microfilms.
=550  \\$aIssued Mar. 1, 1922-June 24, 1939 by Bureau of Agricultural Economics; Jan. 5, 1931-Sept. 14, 1936, Jan.-June 1939 by its Foreign Agricultural Service; July 1, 1939-Mar. 16, 1953 by Office of Foreign Agricultural Relations.
=580  \\$aFrom 1937 to 1945 statistical supplements entitled "United States foreign trade in agricultural products" were issued. Beginning in 1946 these publications were issued separately in three different serials: Foreign agricultural trade. United States foreign trade in agricultural products. Fiscal year ... with comparisons; Foreign agricultural trade. United States foreign trade in agricultural products. Calendar year ... with comparisons; and: Foreign agricultural trade.
=580  \\$aHas monthly suppl.: Mar. 1957-1962 Foreign crops and markets. World summaries, crops and livestock; 1963, Foreign crops and markets. Statistical supplement.
=580  \\$aMerged with: Foreign agriculture, to form: Foreign agriculture (Washington, D.C. : 1963).
=591  \\$bNAL Reclamation
=593  \\$fAgricola CAT
=650  \0$aProduce trade$vStatistics$vPeriodicals.
=655  \3$aInternet resource.
=655  \7$aPeriodicals.$2fast$0(OCoLC)fst01411641
=655  \7$aStatistics.$2fast$0(OCoLC)fst01423727
=710  1\$aUnited States.$bForeign Agricultural Service.$0http://id.loc.gov/authorities/names/n80126196
=710  1\$aUnited States.$bBureau of Agricultural Economics.$0http://id.loc.gov/authorities/names/n80060900
=710  1\$aUnited States.$bOffice of Foreign Agricultural Relations.$0http://id.loc.gov/authorities/names/n85271417
=770  1\$tForeign crops and markets. World summaries, crops and livestock$w(DLC)sn 97015000$w(OCoLC)1482293
=770  1\$tForeign crops and markets. Statistical supplement$w(DLC)sn 97015001$w(OCoLC)10785302
=776  1\$cMicrofilm$dUniversity Microfilms$w(OCoLC)7434971
=776  08$iOnline version:$tForeign crops and markets$w(OCoLC)657612380
=780  00$tForeign crop and live stock reports$w(DLC)sn 97015182$w(OCoLC)36583216
=785  01$tForeign agricultural trade. United States foreign trade in agricultural products. Fiscal year ... with comparisons$w(DLC)sn 97015186$w(OCoLC)29651654
=785  01$tForeign agricultural trade. United States foreign trade in agricultural products. Calendar year ... with comparisons$w(DLC)sn 97015169$w(OCoLC)12542698
=785  01$tForeign agricultural trade$x0193-9882$w(DLC)   79643739$w(OCoLC)5275655
=785  01$aUnited States. Foreign Agricultural Service.$tForeign agricultural trade of the United States digest$x0429-0585$w(DLC)   79643736$w(OCoLC)5275207
=785  17$tForeign agriculture$w(DLC)   43040327$w(OCoLC)1569707
=785  17$tForeign agriculture (Washington, D.C. : 1963)$x0015-7163$w(DLC)   66006212$w(OCoLC)1317547
=850  \\$aDNAL$aMH-PA$aN
=856  41$uhttps://archive.org/details/usda-foreigncropsmarkets
=912  \\$analcatalog
=930  \\$a20140702$b20140807$c00000000
=938  \\$aKirtas Technologies, Inc.$bKRTS$n845658
=939  \\$a19970401$b19970408$c00000000
=945  \\$dJH$e97/03/25$fCM$g97/03/25
=945  \\$vpt. 1
=945  \\$p24
=945  \\$aDigiMet
=945  \\$vpt. 2
=945  \\$p26
=945  \\$aDigiMet
=945  \\$vpt. 3
=945  \\$p16
=945  \\$aDigiMet
=945  \\$vpt. 4
=945  \\$p24
=945  \\$aDigiMet
=945  \\$vpt. 5
=945  \\$p24
=945  \\$aDigiMet
=945  \\$vpt. 6
=945  \\$p28
=945  \\$aDigiMet
=945  \\$vpt. 7
=945  \\$p26
=945  \\$aDigiMet
=945  \\$vpt. 8
=945  \\$p30
=945  \\$aDigiMet
=945  \\$vpt. 9
=945  \\$p26
=945  \\$aDigiMet
=945  \\$vpt. 10
=945  \\$p28
=945  \\$aDigiMet
=945  \\$vpt. 11
=945  \\$p22
=945  \\$aDigiMet
=945  \\$vpt. 12
=945  \\$p50
=945  \\$aDigiMet
=945  \\$vpt. 13
=945  \\$p44
=945  \\$aDigiMet
=945  \\$vpt. 14
=945  \\$p24
=945  \\$aDigiMet
=945  \\$vpt. 15
=945  \\$p44
=945  \\$aDigiMet
=945  \\$vpt. 16
=945  \\$p22
=945  \\$aDigiMet
=945  \\$vpt. 17
=945  \\$p20
=945  \\$aDigiMet
=945  \\$vpt. 18
=945  \\$p20
=945  \\$aDigiMet
=945  \\$vpt. 19
=945  \\$p20
=945  \\$aDigiMet
=945  \\$vpt. 20
=945  \\$p34
=945  \\$aDigiMet
=945  \\$vpt. 21
=945  \\$p16
=945  \\$aDigiMet
=945  \\$vpt. 22
=945  \\$p16
=945  \\$aDigiMet
=945  \\$vpt. 23
=945  \\$p22
=945  \\$aDigiMet
=945  \\$vpt. 24
=945  \\$p20
=945  \\$aDigiMet
=945  \\$vpt. 25
=945  \\$p18
=945  \\$aDigiMet
=945  \\$vpt. 26
=945  \\$p22
=945  \\$aDigiMet
=945  \\$vpt. 27
=945  \\$p18
=945  \\$aDigiMet
=945  \\$vpt. 28
=945  \\$p20
=945  \\$aDigiMet
=945  \\$vpt. 29
=945  \\$p16
=945  \\$aDigiMet
=945  \\$vpt. 30
=945  \\$p18
=945  \\$aDigiMet
=945  \\$vpt. 31
=945  \\$p20
=945  \\$aDigiMet
=945  \\$vpt. 32
=945  \\$p36
=945  \\$aDigiMet
=945  \\$vpt. 34
=945  \\$p22
=945  \\$aDigiMet
=945  \\$vpt. 35
=945  \\$p30
=945  \\$aDigiMet
=945  \\$vpt. 36
=945  \\$p30
=945  \\$aDigiMet
=945  \\$vpt. 37
=945  \\$p20
=945  \\$aDigiMet
=945  \\$vpt. 38
=945  \\$p20
=945  \\$aDigiMet
=945  \\$vpt. 39
=945  \\$p22
=945  \\$aDigiMet
=945  \\$vpt. 40
=945  \\$p16
=945  \\$aDigiMet
=945  \\$vpt. 41
=945  \\$p20
=945  \\$aDigiMet
=945  \\$vpt. 42
=945  \\$p18
=945  \\$aDigiMet
=945  \\$vpt. 43
=945  \\$p18
=945  \\$aDigiMet
=945  \\$vpt. 44
=945  \\$p16
=945  \\$aDigiMet
=945  \\$vpt. 45
=945  \\$p20
=945  \\$aDigiMet
=945  \\$vpt. 46
=945  \\$p18
=945  \\$aDigiMet
=945  \\$vpt. 47
=945  \\$p44
=945  \\$aDigiMet
=945  \\$vpt. 48
=945  \\$p22
=945  \\$aDigiMet
=945  \\$vpt. 49
=945  \\$p18
=945  \\$aDigiMet
=945  \\$vpt. 50
=945  \\$p16
=945  \\$aDigiMet
=945  \\$vpt. 51
=945  \\$p20
=945  \\$aDigiMet
=945  \\$vpt. 52
=945  \\$p18
=945  \\$aDigiMet
=945  \\$vpt. 53
=945  \\$p20
=945  \\$aDigiMet
=945  \\$vpt. 54
=945  \\$p28
=945  \\$aDigiMet
=945  \\$vpt. 55
=945  \\$p20
=945  \\$aDigiMet
=945  \\$vpt. 56
=945  \\$p18
=945  \\$aDigiMet
=945  \\$vpt. 57
=945  \\$p32
=945  \\$aDigiMet
=945  \\$vpt. 58
=945  \\$p26
=945  \\$aDigiMet
=945  \\$vpt. 59
=945  \\$p22
=945  \\$aDigiMet
=945  \\$vpt. 60
=945  \\$p24
=945  \\$aDigiMet
=945  \\$vpt. 61
=945  \\$p10
=945  \\$aDigiMet
=945  \\$vpt. 62
=945  \\$p24
=945  \\$aDigiMet
=945  \\$vpt. 63
=945  \\$p20
=945  \\$aDigiMet
=945  \\$vpt. 64
=945  \\$p20
=945  \\$aDigiMet
=945  \\$vpt. 65
=945  \\$p24
=945  \\$aDigiMet
=945  \\$vpt. 66
=945  \\$p30
=945  \\$aDigiMet
=945  \\$vpt. 67
=945  \\$p24
=945  \\$aDigiMet
=945  \\$vpt. 68
=945  \\$p28
=945  \\$aDigiMet
=945  \\$vpt. 69
=945  \\$p30
=945  \\$aDigiMet
=945  \\$vpt. 70
=945  \\$p34
=945  \\$aDigiMet
=945  \\$vpt. 71
=945  \\$p14
=945  \\$aDigiMet
=945  \\$vpt. 72
=945  \\$p34
=945  \\$aDigiMet
=945  \\$vpt. 73
=945  \\$p30
=945  \\$aDigiMet
=945  \\$vpt. 74
=945  \\$p34
=945  \\$aDigiMet
=945  \\$vpt. 75
=945  \\$p30
=945  \\$aDigiMet
=945  \\$vpt. 76
=945  \\$p24
=945  \\$aDigiMet
=945  \\$vpt. 77
=945  \\$p28
=945  \\$aDigiMet
=945  \\$vpt. 78
=945  \\$p44
=945  \\$aDigiMet
=945  \\$vpt. 79
=945  \\$p26
=945  \\$aDigiMet
=945  \\$vpt. 80
=945  \\$p10
=945  \\$aDigiMet
=945  \\$vpt. 81
=945  \\$p18
=945  \\$aDigiMet
=945  \\$vpt. 82
=945  \\$p14
=945  \\$aDigiMet
=945  \\$vpt. 83
=945  \\$p18
=945  \\$aDigiMet
=945  \\$vpt. 84
=945  \\$p18
=945  \\$aDigiMet
=945  \\$vpt. 85
=945  \\$p24
=945  \\$aDigiMet
=945  \\$vpt. 86
=945  \\$p28
=945  \\$aDigiMet
=945  \\$vpt. 87
=945  \\$p36
=945  \\$aDigiMet
=945  \\$vpt. 88
=945  \\$p20
=945  \\$aDigiMet
=945  \\$vpt. 89
=945  \\$p22
=945  \\$aDigiMet
=945  \\$vpt. 90
=945  \\$p24
=945  \\$aDigiMet
=945  \\$vpt. 91
=945  \\$p28
=945  \\$aDigiMet
=945  \\$vpt. 92
=945  \\$p30
=945  \\$aDigiMet
=945  \\$vpt. 93
=945  \\$p32
=945  \\$aDigiMet
=945  \\$vpt. 94
=945  \\$p32
=945  \\$aDigiMet
=945  \\$vpt. 95
=945  \\$p24
=945  \\$aDigiMet
=945  \\$vpt. 96
=945  \\$p28
=945  \\$aDigiMet
=945  \\$vpt. 97
=945  \\$p30
=945  \\$aDigiMet
=945  \\$vpt. 98
=945  \\$p12
=945  \\$aDigiMet
=945  \\$vpt. 99
=945  \\$p28
=945  \\$aDigiMet
=945  \\$vpt. 100
=945  \\$p30
=945  \\$aDigiMet
=945  \\$vpt. 1000
=945  \\$p68
=945  \\$aDigiMet
=945  \\$vpt. 1001
=945  \\$p34
=945  \\$aDigiMet
=945  \\$vpt. 1002
=945  \\$p32
=945  \\$aDigiMet
=945  \\$vpt. 1003
=945  \\$p42
=945  \\$aDigiMet
=945  \\$vpt. 1004
=945  \\$p64
=945  \\$aDigiMet
=945  \\$vpt. 1005
=945  \\$p40
=945  \\$aDigiMet
=945  \\$vpt. 1006
=945  \\$p34
=945  \\$aDigiMet
=945  \\$vpt. 1007
=945  \\$p44
=945  \\$aDigiMet
=945  \\$vpt. 1008
=945  \\$p58
=945  \\$aDigiMet
=945  \\$vpt. 1009
=945  \\$p68
=945  \\$aDigiMet
=945  \\$vpt. 101
=945  \\$p32
=945  \\$aDigiMet
=945  \\$vpt. 1010
=945  \\$p68
=945  \\$aDigiMet
=945  \\$vpt. 1011
=945  \\$p22
=945  \\$aDigiMet
=945  \\$vpt. 1012
=945  \\$p82
=945  \\$aDigiMet
=945  \\$vpt. 1013
=945  \\$p28
=945  \\$aDigiMet
=945  \\$vpt. 1014
=945  \\$p54
=945  \\$aDigiMet
=945  \\$vpt. 1015
=945  \\$p34
=945  \\$aDigiMet
=945  \\$vpt. 1016
=945  \\$p32
=945  \\$aDigiMet
=945  \\$vpt. 1017
=945  \\$p34
=945  \\$aDigiMet
=945  \\$vpt. 1018
=945  \\$p60
=945  \\$aDigiMet
=945  \\$vpt. 1019
=945  \\$p32
=945  \\$aDigiMet
=945  \\$vpt. 102
=945  \\$p22
=945  \\$aDigiMet
=945  \\$vpt. 1020
=945  \\$p32
=945  \\$aDigiMet
=945  \\$vpt. 1021
=945  \\$p36
=945  \\$aDigiMet
=945  \\$vpt. 1022
=945  \\$p34
=945  \\$aDigiMet
=945  \\$vpt. 1023
=945  \\$p32
=945  \\$aDigiMet
=945  \\$vpt. 1024
=945  \\$p76
=945  \\$aDigiMet
=945  \\$vpt. 1025
=945  \\$p42
=945  \\$aDigiMet
=945  \\$vpt. 1026
=945  \\$p44
=945  \\$aDigiMet
=945  \\$vpt. 1027
=945  \\$p36
=945  \\$aDigiMet
=945  \\$vpt. 1028
=945  \\$p80
=945  \\$aDigiMet
=945  \\$vpt. 1029
=945  \\$p46
=945  \\$aDigiMet
=945  \\$vpt. 103
=945  \\$p26
=945  \\$aDigiMet
=945  \\$vpt. 1030
=945  \\$p34
=945  \\$aDigiMet
=945  \\$vpt. 1031
=945  \\$p36
=945  \\$aDigiMet
=945  \\$vpt. 1032
=945  \\$p40
=945  \\$aDigiMet
=945  \\$vpt. 1033
=945  \\$p44
=945  \\$aDigiMet
=945  \\$vpt. 1034
=945  \\$p52
=945  \\$aDigiMet
=945  \\$vpt. 1035
=945  \\$p100
=945  \\$aDigiMet
=945  \\$vpt. 1036
=945  \\$p42
=945  \\$aDigiMet
=945  \\$vpt. 1037
=945  \\$p48
=945  \\$aDigiMet
=945  \\$vpt. 1038
=945  \\$p58
=945  \\$aDigiMet
=945  \\$vpt. 1039
=945  \\$p52
=945  \\$aDigiMet
=945  \\$vpt. 104
=945  \\$p28
=945  \\$aDigiMet
=945  \\$vpt. 1040
=945  \\$p26
=945  \\$aDigiMet
=945  \\$vpt. 1041
=945  \\$p34
=945  \\$aDigiMet
=945  \\$vpt. 1042
=945  \\$p44
=945  \\$aDigiMet
=945  \\$vpt. 1043
=945  \\$p36
=945  \\$aDigiMet
=945  \\$vpt. 1044
=945  \\$p32
=945  \\$aDigiMet
=945  \\$vpt. 1045
=945  \\$p54
=945  \\$aDigiMet
=945  \\$vpt. 1046
=945  \\$p30
=945  \\$aDigiMet
=945  \\$vpt. 1047
=945  \\$p30
=945  \\$aDigiMet
=945  \\$vpt. 1048
=945  \\$p34
=945  \\$aDigiMet
=945  \\$vpt. 1049
=945  \\$p26
=945  \\$aDigiMet
=945  \\$vpt. 105
=945  \\$p50
=945  \\$aDigiMet
=945  \\$vpt. 1050
=945  \\$p32
=945  \\$aDigiMet
=945  \\$vpt. 1051
=945  \\$p34
=945  \\$aDigiMet
=945  \\$vpt. 1052
=945  \\$p76
=945  \\$aDigiMet
=945  \\$vpt. 1053
=945  \\$p34
=945  \\$aDigiMet
=945  \\$vpt. 1054
=945  \\$p58
=945  \\$aDigiMet
=945  \\$vpt. 1055
=945  \\$p30
=945  \\$aDigiMet
=945  \\$vpt. 1056
=945  \\$p36
=945  \\$aDigiMet
=945  \\$vpt. 1057
=945  \\$p36
=945  \\$aDigiMet
=945  \\$vpt. 1058
=945  \\$p36
=945  \\$aDigiMet
=945  \\$vpt. 1059
=945  \\$p28
=945  \\$aDigiMet
=945  \\$vpt. 106
=945  \\$p22
=945  \\$aDigiMet
=945  \\$vpt. 1060
=945  \\$p40
=945  \\$aDigiMet
=945  \\$vpt. 1061
=945  \\$p30
=945  \\$aDigiMet
=945  \\$vpt. 1062
=945  \\$p68
=945  \\$aDigiMet
=945  \\$vpt. 1063
=945  \\$p28
=945  \\$aDigiMet
=945  \\$vpt. 1064
=945  \\$p50
=945  \\$aDigiMet
=945  \\$vpt. 1065
=945  \\$p28
=945  \\$aDigiMet
=945  \\$vpt. 1066
=945  \\$p22
=945  \\$aDigiMet
=945  \\$vpt. 1067
=945  \\$p34
=945  \\$aDigiMet
=945  \\$vpt. 1068
=945  \\$p28
=945  \\$aDigiMet
=945  \\$vpt. 1069
=945  \\$p30
=945  \\$aDigiMet
=945  \\$vpt. 107
=945  \\$p22
=945  \\$aDigiMet
=945  \\$vpt. 1070
=945  \\$p28
=945  \\$aDigiMet
=945  \\$vpt. 1071
=945  \\$p46
=945  \\$aDigiMet
=945  \\$vpt. 1072
=945  \\$p54
=945  \\$aDigiMet
=945  \\$vpt. 1073
=945  \\$p18
=945  \\$aDigiMet
=945  \\$vpt. 1074
=945  \\$p72
=945  \\$aDigiMet
=945  \\$vpt. 1075
=945  \\$p20
=945  \\$aDigiMet
=945  \\$vpt. 1076
=945  \\$p42
=945  \\$aDigiMet
=945  \\$vpt. 1077
=945  \\$p30
=945  \\$aDigiMet
=945  \\$vpt. 1078
=945  \\$p24
=945  \\$aDigiMet
=945  \\$vpt. 1079
=945  \\$p54
=945  \\$aDigiMet
=945  \\$vpt. 108
=945  \\$p18
=945  \\$aDigiMet
=945  \\$vpt. 1080
=945  \\$p26
=945  \\$aDigiMet
=945  \\$vpt. 1081
=945  \\$p34
=945  \\$aDigiMet
=945  \\$vpt. 1082
=945  \\$p40
=945  \\$aDigiMet
=945  \\$vpt. 1083
=945  \\$p54
=945  \\$aDigiMet
=945  \\$vpt. 1084
=945  \\$p30
=945  \\$aDigiMet
=945  \\$vpt. 1085
=945  \\$p58
=945  \\$aDigiMet
=945  \\$vpt. 1086
=945  \\$p22
=945  \\$aDigiMet
=945  \\$vpt. 1087
=945  \\$p20
=945  \\$aDigiMet
=945  \\$vpt. 1088
=945  \\$p20
=945  \\$aDigiMet
=945  \\$vpt. 1089
=945  \\$p28
=945  \\$aDigiMet
=945  \\$vpt. 109
=945  \\$p12
=945  \\$aDigiMet
=945  \\$vpt. 1090
=945  \\$p76
=945  \\$aDigiMet
=945  \\$vpt. 1091
=945  \\$p24
=945  \\$aDigiMet
=945  \\$vpt. 1092
=945  \\$p56
=945  \\$aDigiMet
=945  \\$vpt. 1093
=945  \\$p54
=945  \\$aDigiMet
=945  \\$vpt. 1094
=945  \\$p24
=945  \\$aDigiMet
=945  \\$vpt. 1095
=945  \\$p26
=945  \\$aDigiMet
=945  \\$vpt. 1096
=945  \\$p36
=945  \\$aDigiMet
=945  \\$vpt. 1097
=945  \\$p26
=945  \\$aDigiMet
=945  \\$vpt. 1098
=945  \\$p24
=945  \\$aDigiMet
=945  \\$vpt. 1099
=945  \\$p22
=945  \\$aDigiMet
=945  \\$vpt. 110
=945  \\$p8
=945  \\$aDigiMet
=945  \\$vpt. 1100
=945  \\$p28
=945  \\$aDigiMet
=945  \\$vpt. 1101
=945  \\$p20
=945  \\$aDigiMet
=945  \\$vpt. 1102
=945  \\$p44
=945  \\$aDigiMet
=945  \\$vpt. 1103
=945  \\$p28
=945  \\$aDigiMet
=945  \\$vpt. 1104
=945  \\$p54
=945  \\$aDigiMet
=945  \\$vpt. 1105
=945  \\$p20
=945  \\$aDigiMet
=945  \\$vpt. 1106
=945  \\$p24
=945  \\$aDigiMet
=945  \\$vpt. 1107
=945  \\$p68
=945  \\$aDigiMet
=945  \\$vpt. 1108
=945  \\$p24
=945  \\$aDigiMet
=945  \\$vpt. 1109
=945  \\$p22
=945  \\$aDigiMet
=945  \\$vpt. 111
=945  \\$p32
=945  \\$aDigiMet
=945  \\$vpt. 1110
=945  \\$p26
=945  \\$aDigiMet
=945  \\$vpt. 1111
=945  \\$p56
=945  \\$aDigiMet
=945  \\$vpt. 1112
=945  \\$p24
=945  \\$aDigiMet
=945  \\$vpt. 1113
=945  \\$p20
=945  \\$aDigiMet
=945  \\$vpt. 1114
=945  \\$p52
=945  \\$aDigiMet
=945  \\$vpt. 1115
=945  \\$p24
=945  \\$aDigiMet
=945  \\$vpt. 1116
=945  \\$p48
=945  \\$aDigiMet
=945  \\$vpt. 1117
=945  \\$p20
=945  \\$aDigiMet
=945  \\$vpt. 1118
=945  \\$p48
=945  \\$aDigiMet
=945  \\$vpt. 1119
=945  \\$p18
=945  \\$aDigiMet
=945  \\$vpt. 112
=945  \\$p30
=945  \\$aDigiMet
=945  \\$vpt. 1120
=945  \\$p50
=945  \\$aDigiMet
=945  \\$vpt. 1121
=945  \\$p20
=945  \\$aDigiMet
=945  \\$vpt. 1122
=945  \\$p34
=945  \\$aDigiMet
=945  \\$vpt. 1123
=945  \\$p20
=945  \\$aDigiMet
=945  \\$vpt. 1124
=945  \\$p26
=945  \\$aDigiMet
=945  \\$vpt. 1125
=945  \\$p54
=945  \\$aDigiMet
=945  \\$vpt. 1126
=945  \\$p20
=945  \\$aDigiMet
=945  \\$vpt. 1127
=945  \\$p22
=945  \\$aDigiMet
=945  \\$vpt. 1128
=945  \\$p22
=945  \\$aDigiMet
=945  \\$vpt. 1129
=945  \\$p22
=945  \\$aDigiMet
=945  \\$vpt. 113
=945  \\$p32
=945  \\$aDigiMet
=945  \\$vpt. 1130
=945  \\$p22
=945  \\$aDigiMet
=945  \\$vpt. 1131
=945  \\$p44
=945  \\$aDigiMet
=945  \\$vpt. 1132
=945  \\$p22
=945  \\$aDigiMet
=945  \\$vpt. 1133
=945  \\$p48
=945  \\$aDigiMet
=945  \\$vpt. 1134
=945  \\$p24
=945  \\$aDigiMet
=945  \\$vpt. 1135
=945  \\$p28
=945  \\$aDigiMet
=945  \\$vpt. 1136
=945  \\$p20
=945  \\$aDigiMet
=945  \\$vpt. 1137
=945  \\$p50
=945  \\$aDigiMet
=945  \\$vpt. 1138
=945  \\$p66
=945  \\$aDigiMet
=945  \\$vpt. 1139
=945  \\$p18
=945  \\$aDigiMet
=945  \\$vpt. 114
=945  \\$p30
=945  \\$aDigiMet
=945  \\$vpt. 1140
=945  \\$p64
=945  \\$aDigiMet
=945  \\$vpt. 1141
=945  \\$p18
=945  \\$aDigiMet
=945  \\$vpt. 1142
=945  \\$p24
=945  \\$aDigiMet
=945  \\$vpt. 1143
=945  \\$p58
=945  \\$aDigiMet
=945  \\$vpt. 1144
=945  \\$p54
=945  \\$aDigiMet
=945  \\$vpt. 1145
=945  \\$p18
=945  \\$aDigiMet
=945  \\$vpt. 1146
=945  \\$p20
=945  \\$aDigiMet
=945  \\$vpt. 1147
=945  \\$p48
=945  \\$aDigiMet
=945  \\$vpt. 1148
=945  \\$p24
=945  \\$aDigiMet
=945  \\$vpt. 1149
=945  \\$p16
=945  \\$aDigiMet
=945  \\$vpt. 115
=945  \\$p30
=945  \\$aDigiMet
=945  \\$vpt. 1150
=945  \\$p56
=945  \\$aDigiMet
=945  \\$vpt. 1151
=945  \\$p22
=945  \\$aDigiMet
=945  \\$vpt. 1152
=945  \\$p24
=945  \\$aDigiMet
=945  \\$vpt. 1153
=945  \\$p24
=945  \\$aDigiMet
=945  \\$vpt. 1154
=945  \\$p24
=945  \\$aDigiMet
=945  \\$vpt. 1155
=945  \\$p52
=945  \\$aDigiMet
=945  \\$vpt. 1156
=945  \\$p24
=945  \\$aDigiMet
=945  \\$vpt. 1157
=945  \\$p16
=945  \\$aDigiMet
=945  \\$vpt. 1158
=945  \\$p18
=945  \\$aDigiMet
=945  \\$vpt. 1159
=945  \\$p16
=945  \\$aDigiMet
=945  \\$vpt. 116
=945  \\$p18
=945  \\$aDigiMet
=945  \\$vpt. 1160
=945  \\$p48
=945  \\$aDigiMet
=945  \\$vpt. 1161
=945  \\$p20
=945  \\$aDigiMet
=945  \\$vpt. 1162
=945  \\$p18
=945  \\$aDigiMet
=945  \\$vpt. 1163
=945  \\$p14
=945  \\$aDigiMet
=945  \\$vpt. 1164
=945  \\$p48
=945  \\$aDigiMet
=945  \\$vpt. 1165
=945  \\$p54
=945  \\$aDigiMet
=945  \\$vpt. 1166
=945  \\$p24
=945  \\$aDigiMet
=945  \\$vpt. 1167
=945  \\$p14
=945  \\$aDigiMet
=945  \\$vpt. 1168
=945  \\$p20
=945  \\$aDigiMet
=945  \\$vpt. 117
=945  \\$p32
=945  \\$aDigiMet
=945  \\$vpt. 1170
=945  \\$p50
=945  \\$aDigiMet
=945  \\$vpt. 1171
=945  \\$p16
=945  \\$aDigiMet
=945  \\$vpt. 1172
=945  \\$p18
=945  \\$aDigiMet
=945  \\$vpt. 1173
=945  \\$p46
=945  \\$aDigiMet
=945  \\$vpt. 1174
=945  \\$p20
=945  \\$aDigiMet
=945  \\$vpt. 1175
=945  \\$p16
=945  \\$aDigiMet
=945  \\$vpt. 1176
=945  \\$p26
=945  \\$aDigiMet
=945  \\$vpt. 1177
=945  \\$p44
=945  \\$aDigiMet
=945  \\$vpt. 1178
=945  \\$p16
=945  \\$aDigiMet
=945  \\$vpt. 1179
=945  \\$p30
=945  \\$aDigiMet
=945  \\$vpt. 118
=945  \\$p28
=945  \\$aDigiMet
=945  \\$vpt. 1180
=945  \\$p18
=945  \\$aDigiMet
=945  \\$vpt. 1181
=945  \\$p14
=945  \\$aDigiMet
=945  \\$vpt. 1182
=945  \\$p16
=945  \\$aDigiMet
=945  \\$vpt. 1183
=945  \\$p46
=945  \\$aDigiMet
=945  \\$vpt. 1184
=945  \\$p20
=945  \\$aDigiMet
=945  \\$vpt. 1185
=945  \\$p14
=945  \\$aDigiMet
=945  \\$vpt. 1186
=945  \\$p48
=945  \\$aDigiMet
=945  \\$vpt. 1187
=945  \\$p22
=945  \\$aDigiMet
=945  \\$vpt. 1188
=945  \\$p18
=945  \\$aDigiMet
=945  \\$vpt. 1189
=945  \\$p16
=945  \\$aDigiMet
=945  \\$vpt. 119
=945  \\$p26
=945  \\$aDigiMet
=945  \\$vpt. 1190
=945  \\$p46
=945  \\$aDigiMet
=945  \\$vpt. 1191
=945  \\$p18
=945  \\$aDigiMet
=945  \\$vpt. 1192
=945  \\$p18
=945  \\$aDigiMet
=945  \\$vpt. 1193
=945  \\$p22
=945  \\$aDigiMet
=945  \\$vpt. 1194
=945  \\$p14
=945  \\$aDigiMet
=945  \\$vpt. 1195
=945  \\$p48
=945  \\$aDigiMet
=945  \\$vpt. 1196
=945  \\$p16
=945  \\$aDigiMet
=945  \\$vpt. 1197
=945  \\$p16
=945  \\$aDigiMet
=945  \\$vpt. 1198
=945  \\$p16
=945  \\$aDigiMet
=945  \\$vpt. 1199
=945  \\$p18
=945  \\$aDigiMet
=945  \\$vpt. 120
=945  \\$p32
=945  \\$aDigiMet
=945  \\$vpt. 121
=945  \\$p26
=945  \\$aDigiMet
=945  \\$vpt. 122
=945  \\$p24
=945  \\$aDigiMet
=945  \\$vpt. 123
=945  \\$p34
=945  \\$aDigiMet
=945  \\$vpt. 124
=945  \\$p24
=945  \\$aDigiMet
=945  \\$vpt. 125
=945  \\$p28
=945  \\$aDigiMet
=945  \\$vpt. 126
=945  \\$p32
=945  \\$aDigiMet
=945  \\$vpt. 127
=945  \\$p40
=945  \\$aDigiMet
=945  \\$vpt. 128
=945  \\$p40
=945  \\$aDigiMet
=945  \\$vpt. 129
=945  \\$p18
=945  \\$aDigiMet
=945  \\$vpt. 1299
=945  \\$p18
=945  \\$aDigiMet
=945  \\$vpt. 1299
=945  \\$p28
=945  \\$aDigiMet
=945  \\$vpt. 130
=945  \\$p20
=945  \\$aDigiMet
=945  \\$vpt. 1301
=945  \\$p24
=945  \\$aDigiMet
=945  \\$vpt. 1302
=945  \\$p20
=945  \\$aDigiMet
=945  \\$vpt. 1303
=945  \\$p16
=945  \\$aDigiMet
=945  \\$vpt. 1304
=945  \\$p18
=945  \\$aDigiMet
=945  \\$vpt. 1305
=945  \\$p18
=945  \\$aDigiMet
=945  \\$vpt. 1306
=945  \\$p22
=945  \\$aDigiMet
=945  \\$vpt. 1307
=945  \\$p18
=945  \\$aDigiMet
=945  \\$vpt. 1308
=945  \\$p16
=945  \\$aDigiMet
=945  \\$vpt. 1309
=945  \\$p18
=945  \\$aDigiMet
=945  \\$vpt. 131
=945  \\$p38
=945  \\$aDigiMet
=945  \\$vpt. 1310
=945  \\$p18
=945  \\$aDigiMet
=945  \\$vpt. 1311
=945  \\$p16
=945  \\$aDigiMet
=945  \\$vpt. 1312
=945  \\$p24
=945  \\$aDigiMet
=945  \\$vpt. 1313
=945  \\$p24
=945  \\$aDigiMet
=945  \\$vpt. 1314
=945  \\$p26
=945  \\$aDigiMet
=945  \\$vpt. 1315
=945  \\$p28
=945  \\$aDigiMet
=945  \\$vpt. 1316
=945  \\$p24
=945  \\$aDigiMet
=945  \\$vpt. 1317
=945  \\$p26
=945  \\$aDigiMet
=945  \\$vpt. 1318
=945  \\$p18
=945  \\$aDigiMet
=945  \\$vpt. 1319
=945  \\$p26
=945  \\$aDigiMet
=945  \\$vpt. 132
=945  \\$p56
=945  \\$aDigiMet
=945  \\$vpt. 1320
=945  \\$p16
=945  \\$aDigiMet
=945  \\$vpt. 1321
=945  \\$p18
=945  \\$aDigiMet
=945  \\$vpt. 1322
=945  \\$p24
=945  \\$aDigiMet
=945  \\$vpt. 1323
=945  \\$p16
=945  \\$aDigiMet
=945  \\$vpt. 1324
=945  \\$p18
=945  \\$aDigiMet
=945  \\$vpt. 1325
=945  \\$p22
=945  \\$aDigiMet
=945  \\$vpt. 1326
=945  \\$p22
=945  \\$aDigiMet
=945  \\$vpt. 1327
=945  \\$p30
=945  \\$aDigiMet
=945  \\$vpt. 1328
=945  \\$p20
=945  \\$aDigiMet
=945  \\$vpt. 1329
=945  \\$p18
=945  \\$aDigiMet
=945  \\$vpt. 133
=945  \\$p26
=945  \\$aDigiMet
=945  \\$vpt. 1330
=945  \\$p16
=945  \\$aDigiMet
=945  \\$vpt. 1331
=945  \\$p24
=945  \\$aDigiMet
=945  \\$vpt. 1332
=945  \\$p24
=945  \\$aDigiMet
=945  \\$vpt. 1333
=945  \\$p28
=945  \\$aDigiMet
=945  \\$vpt. 1334
=945  \\$p28
=945  \\$aDigiMet
=945  \\$vpt. 1335
=945  \\$p24
=945  \\$aDigiMet
=945  \\$vpt. 1336
=945  \\$p22
=945  \\$aDigiMet
=945  \\$vpt. 1337
=945  \\$p26
=945  \\$aDigiMet
=945  \\$vpt. 1338
=945  \\$p30
=945  \\$aDigiMet
=945  \\$vpt. 1339
=945  \\$p22
=945  \\$aDigiMet
=945  \\$vpt. 134
=945  \\$p26
=945  \\$aDigiMet
=945  \\$vpt. 1340
=945  \\$p18
=945  \\$aDigiMet
=945  \\$vpt. 1341
=945  \\$p26
=945  \\$aDigiMet
=945  \\$vpt. 1342
=945  \\$p20
=945  \\$aDigiMet
=945  \\$vpt. 1343
=945  \\$p22
=945  \\$aDigiMet
=945  \\$vpt. 1344
=945  \\$p22
=945  \\$aDigiMet
=945  \\$vpt. 1345
=945  \\$p16
=945  \\$aDigiMet
=945  \\$vpt. 1346
=945  \\$p18
=945  \\$aDigiMet
=945  \\$vpt. 1347
=945  \\$p22
=945  \\$aDigiMet
=945  \\$vpt. 1348
=945  \\$p20
=945  \\$aDigiMet
=945  \\$vpt. 1349
=945  \\$p14
=945  \\$aDigiMet
=945  \\$vpt. 135
=945  \\$p22
=945  \\$aDigiMet
=945  \\$vpt. 1350
=945  \\$p16
=945  \\$aDigiMet
=945  \\$vpt. 1351
=945  \\$p14
=945  \\$aDigiMet
=945  \\$vpt. 1352
=945  \\$p22
=945  \\$aDigiMet
=945  \\$vpt. 1353
=945  \\$p18
=945  \\$aDigiMet
=945  \\$vpt. 1354
=945  \\$p22
=945  \\$aDigiMet
=945  \\$vpt. 1355
=945  \\$p24
=945  \\$aDigiMet
=945  \\$vpt. 1356
=945  \\$p18
=945  \\$aDigiMet
=945  \\$vpt. 1357
=945  \\$p20
=945  \\$aDigiMet
=945  \\$vpt. 1358
=945  \\$p20
=945  \\$aDigiMet
=945  \\$vpt. 1359
=945  \\$p26
=945  \\$aDigiMet
=945  \\$vpt. 136
=945  \\$p72
=945  \\$aDigiMet
=945  \\$vpt. 1360
=945  \\$p30
=945  \\$aDigiMet
=945  \\$vpt. 1361
=945  \\$p26
=945  \\$aDigiMet
=945  \\$vpt. 1362
=945  \\$p22
=945  \\$aDigiMet
=945  \\$vpt. 1363
=945  \\$p20
=945  \\$aDigiMet
=945  \\$vpt. 1364
=945  \\$p22
=945  \\$aDigiMet
=945  \\$vpt. 1365
=945  \\$p20
=945  \\$aDigiMet
=945  \\$vpt. 1366
=945  \\$p26
=945  \\$aDigiMet
=945  \\$vpt. 1367
=945  \\$p28
=945  \\$aDigiMet
=945  \\$vpt. 1368
=945  \\$p22
=945  \\$aDigiMet
=945  \\$vpt. 1369
=945  \\$p18
=945  \\$aDigiMet
=945  \\$vpt. 137
=945  \\$p30
=945  \\$aDigiMet
=945  \\$vpt. 1370
=945  \\$p20
=945  \\$aDigiMet
=945  \\$vpt. 1371
=945  \\$p24
=945  \\$aDigiMet
=945  \\$vpt. 1372
=945  \\$p28
=945  \\$aDigiMet
=945  \\$vpt. 1373
=945  \\$p20
=945  \\$aDigiMet
=945  \\$vpt. 1374
=945  \\$p28
=945  \\$aDigiMet
=945  \\$vpt. 1375
=945  \\$p26
=945  \\$aDigiMet
=945  \\$vpt. 1376
=945  \\$p24
=945  \\$aDigiMet
=945  \\$vpt. 1377
=945  \\$p22
=945  \\$aDigiMet
=945  \\$vpt. 1378
=945  \\$p24
=945  \\$aDigiMet
=945  \\$vpt. 1379
=945  \\$p26
=945  \\$aDigiMet
=945  \\$vpt. 138
=945  \\$p30
=945  \\$aDigiMet
=945  \\$vpt. 1380
=945  \\$p20
=945  \\$aDigiMet
=945  \\$vpt. 1381
=945  \\$p12
=945  \\$aDigiMet
=945  \\$vpt. 1382
=945  \\$p30
=945  \\$aDigiMet
=945  \\$vpt. 1383
=945  \\$p26
=945  \\$aDigiMet
=945  \\$vpt. 1384
=945  \\$p32
=945  \\$aDigiMet
=945  \\$vpt. 1385
=945  \\$p22
=945  \\$aDigiMet
=945  \\$vpt. 1386
=945  \\$p22
=945  \\$aDigiMet
=945  \\$vpt. 1387
=945  \\$p34
=945  \\$aDigiMet
=945  \\$vpt. 1388
=945  \\$p20
=945  \\$aDigiMet
=945  \\$vpt. 1389
=945  \\$p16
=945  \\$aDigiMet
=945  \\$vpt. 139
=945  \\$p26
=945  \\$aDigiMet
=945  \\$vpt. 1390
=945  \\$p28
=945  \\$aDigiMet
=945  \\$vpt. 1391
=945  \\$p30
=945  \\$aDigiMet
=945  \\$vpt. 1392
=945  \\$p28
=945  \\$aDigiMet
=945  \\$vpt. 1393
=945  \\$p26
=945  \\$aDigiMet
=945  \\$vpt. 1394
=945  \\$p20
=945  \\$aDigiMet
=945  \\$vpt. 1395
=945  \\$p28
=945  \\$aDigiMet
=945  \\$vpt. 1396
=945  \\$p26
=945  \\$aDigiMet
=945  \\$vpt. 1397
=945  \\$p22
=945  \\$aDigiMet
=945  \\$vpt. 1398
=945  \\$p22
=945  \\$aDigiMet
=945  \\$vpt. 1399
=945  \\$p28
=945  \\$aDigiMet
=945  \\$vpt. 140
=945  \\$p30
=945  \\$aDigiMet
=945  \\$vpt. 1400
=945  \\$p28
=945  \\$aDigiMet
=945  \\$vpt. 1401
=945  \\$p18
=945  \\$aDigiMet
=945  \\$vpt. 1402
=945  \\$p18
=945  \\$aDigiMet
=945  \\$vpt. 1403
=945  \\$p20
=945  \\$aDigiMet
=945  \\$vpt. 1404
=945  \\$p30
=945  \\$aDigiMet
=945  \\$vpt. 1405
=945  \\$p24
=945  \\$aDigiMet
=945  \\$vpt. 1406
=945  \\$p18
=945  \\$aDigiMet
=945  \\$vpt. 1407
=945  \\$p30
=945  \\$aDigiMet
=945  \\$vpt. 1408
=945  \\$p28
=945  \\$aDigiMet
=945  \\$vpt. 1409
=945  \\$p22
=945  \\$aDigiMet
=945  \\$vpt. 141
=945  \\$p24
=945  \\$aDigiMet
=945  \\$vpt. 1410
=945  \\$p24
=945  \\$aDigiMet
=945  \\$vpt. 1411
=945  \\$p24
=945  \\$aDigiMet
=945  \\$vpt. 1412
=945  \\$p28
=945  \\$aDigiMet
=945  \\$vpt. 1413
=945  \\$p32
=945  \\$aDigiMet
=945  \\$vpt. 1414
=945  \\$p26
=945  \\$aDigiMet
=945  \\$vpt. 1415
=945  \\$p26
=945  \\$aDigiMet
=945  \\$vpt. 1416
=945  \\$p26
=945  \\$aDigiMet
=945  \\$vpt. 1417
=945  \\$p28
=945  \\$aDigiMet
=945  \\$vpt. 1418
=945  \\$p22
=945  \\$aDigiMet
=945  \\$vpt. 1419
=945  \\$p22
=945  \\$aDigiMet
=945  \\$vpt. 142
=945  \\$p34
=945  \\$aDigiMet
=945  \\$vpt. 1420
=945  \\$p22
=945  \\$aDigiMet
=945  \\$vpt. 1421
=945  \\$p26
=945  \\$aDigiMet
=945  \\$vpt. 1422
=945  \\$p26
=945  \\$aDigiMet
=945  \\$vpt. 1423
=945  \\$p28
=945  \\$aDigiMet
=945  \\$vpt. 1424
=945  \\$p20
=945  \\$aDigiMet
=945  \\$vpt. 1425
=945  \\$p36
=945  \\$aDigiMet
=945  \\$vpt. 1426
=945  \\$p28
=945  \\$aDigiMet
=945  \\$vpt. 1427
=945  \\$p36
=945  \\$aDigiMet
=945  \\$vpt. 1428
=945  \\$p20
=945  \\$aDigiMet
=945  \\$vpt. 1429
=945  \\$p26
=945  \\$aDigiMet
=945  \\$vpt. 143
=945  \\$p22
=945  \\$aDigiMet
=945  \\$vpt. 1430
=945  \\$p38
=945  \\$aDigiMet
=945  \\$vpt. 1431
=945  \\$p16
=945  \\$aDigiMet
=945  \\$vpt. 1432
=945  \\$p26
=945  \\$aDigiMet
=945  \\$vpt. 1433
=945  \\$p16
=945  \\$aDigiMet
=945  \\$vpt. 1434
=945  \\$p24
=945  \\$aDigiMet
=945  \\$vpt. 1435
=945  \\$p20
=945  \\$aDigiMet
=945  \\$vpt. 1436
=945  \\$p28
=945  \\$aDigiMet
=945  \\$vpt. 1437
=945  \\$p26
=945  \\$aDigiMet
=945  \\$vpt. 1438
=945  \\$p28
=945  \\$aDigiMet
=945  \\$vpt. 1439
=945  \\$p40
=945  \\$aDigiMet
=945  \\$vpt. 144
=945  \\$p34
=945  \\$aDigiMet
=945  \\$vpt. 1440
=945  \\$p24
=945  \\$aDigiMet
=945  \\$vpt. 1441
=945  \\$p24
=945  \\$aDigiMet
=945  \\$vpt. 1442
=945  \\$p34
=945  \\$aDigiMet
=945  \\$vpt. 1443
=945  \\$p30
=945  \\$aDigiMet
=945  \\$vpt. 1444
=945  \\$p48
=945  \\$aDigiMet
=945  \\$vpt. 1445
=945  \\$p28
=945  \\$aDigiMet
=945  \\$vpt. 1446
=945  \\$p30
=945  \\$aDigiMet
=945  \\$vpt. 1447
=945  \\$p36
=945  \\$aDigiMet
=945  \\$vpt. 1448
=945  \\$p42
=945  \\$aDigiMet
=945  \\$vpt. 1449
=945  \\$p40
=945  \\$aDigiMet
=945  \\$vpt. 145
=945  \\$p32
=945  \\$aDigiMet
=945  \\$vpt. 1450
=945  \\$p34
=945  \\$aDigiMet
=945  \\$vpt. 1451
=945  \\$p32
=945  \\$aDigiMet
=945  \\$vpt. 1452
=945  \\$p32
=945  \\$aDigiMet
=945  \\$vpt. 1453
=945  \\$p28
=945  \\$aDigiMet
=945  \\$vpt. 1454
=945  \\$p26
=945  \\$aDigiMet
=945  \\$vpt. 1455
=945  \\$p40
=945  \\$aDigiMet
=945  \\$vpt. 1456
=945  \\$p38
=945  \\$aDigiMet
=945  \\$vpt. 1457
=945  \\$p36
=945  \\$aDigiMet
=945  \\$vpt. 1458
=945  \\$p28
=945  \\$aDigiMet
=945  \\$vpt. 1459
=945  \\$p26
=945  \\$aDigiMet
=945  \\$vpt. 146
=945  \\$p32
=945  \\$aDigiMet
=945  \\$vpt. 1460
=945  \\$p34
=945  \\$aDigiMet
=945  \\$vpt. 1461
=945  \\$p38
=945  \\$aDigiMet
=945  \\$vpt. 1462
=945  \\$p32
=945  \\$aDigiMet
=945  \\$vpt. 1463
=945  \\$p28
=945  \\$aDigiMet
=945  \\$vpt. 1464
=945  \\$p30
=945  \\$aDigiMet
=945  \\$vpt. 1465
=945  \\$p30
=945  \\$aDigiMet
=945  \\$vpt. 1466
=945  \\$p28
=945  \\$aDigiMet
=945  \\$vpt. 1467
=945  \\$p26
=945  \\$aDigiMet
=945  \\$vpt. 1468
=945  \\$p40
=945  \\$aDigiMet
=945  \\$vpt. 1469
=945  \\$p32
=945  \\$aDigiMet
=945  \\$vpt. 147
=945  \\$p34
=945  \\$aDigiMet
=945  \\$vpt. 1470
=945  \\$p34
=945  \\$aDigiMet
=945  \\$vpt. 1471
=945  \\$p20
=945  \\$aDigiMet
=945  \\$vpt. 1472
=945  \\$p36
=945  \\$aDigiMet
=945  \\$vpt. 1473
=945  \\$p34
=945  \\$aDigiMet
=945  \\$vpt. 1474
=945  \\$p36
=945  \\$aDigiMet
=945  \\$vpt. 1475
=945  \\$p32
=945  \\$aDigiMet
=945  \\$vpt. 1476
=945  \\$p32
=945  \\$aDigiMet
=945  \\$vpt. 1477
=945  \\$p32
=945  \\$aDigiMet
=945  \\$vpt. 1478
=945  \\$p46
=945  \\$aDigiMet
=945  \\$vpt. 1479
=945  \\$p40
=945  \\$aDigiMet
=945  \\$vpt. 148
=945  \\$p46
=945  \\$aDigiMet
=945  \\$vpt. 1480
=945  \\$p28
=945  \\$aDigiMet
=945  \\$vpt. 1481
=945  \\$p46
=945  \\$aDigiMet
=945  \\$vpt. 1482
=945  \\$p34
=945  \\$aDigiMet
=945  \\$vpt. 1483
=945  \\$p24
=945  \\$aDigiMet
=945  \\$vpt. 1484
=945  \\$p26
=945  \\$aDigiMet
=945  \\$vpt. 1485
=945  \\$p16
=945  \\$aDigiMet
=945  \\$vpt. 1486
=945  \\$p24
=945  \\$aDigiMet
=945  \\$vpt. 1487
=945  \\$p36
=945  \\$aDigiMet
=945  \\$vpt. 1488
=945  \\$p26
=945  \\$aDigiMet
=945  \\$vpt. 1489
=945  \\$p24
=945  \\$aDigiMet
=945  \\$vpt. 149
=945  \\$p32
=945  \\$aDigiMet
=945  \\$vpt. 1490
=945  \\$p26
=945  \\$aDigiMet
=945  \\$vpt. 1491
=945  \\$p36
=945  \\$aDigiMet
=945  \\$vpt. 1492
=945  \\$p22
=945  \\$aDigiMet
=945  \\$vpt. 1493
=945  \\$p24
=945  \\$aDigiMet
=945  \\$vpt. 1494
=945  \\$p32
=945  \\$aDigiMet
=945  \\$vpt. 1495
=945  \\$p36
=945  \\$aDigiMet
=945  \\$vpt. 1496
=945  \\$p42
=945  \\$aDigiMet
=945  \\$vpt. 1497
=945  \\$p22
=945  \\$aDigiMet
=945  \\$vpt. 1498
=945  \\$p32
=945  \\$aDigiMet
=945  \\$vpt. 1499
=945  \\$p40
=945  \\$aDigiMet
=945  \\$vpt. 150
=945  \\$p46
=945  \\$aDigiMet
=945  \\$vpt. 1500
=945  \\$p32
=945  \\$aDigiMet
=945  \\$vpt. 1501
=945  \\$p42
=945  \\$aDigiMet
=945  \\$vpt. 1502
=945  \\$p34
=945  \\$aDigiMet
=945  \\$vpt. 1503
=945  \\$p38
=945  \\$aDigiMet
=945  \\$vpt. 1504
=945  \\$p32
=945  \\$aDigiMet
=945  \\$vpt. 1505
=945  \\$p28
=945  \\$aDigiMet
=945  \\$vpt. 1506
=945  \\$p22
=945  \\$aDigiMet
=945  \\$vpt. 1507
=945  \\$p42
=945  \\$aDigiMet
=945  \\$vpt. 1508
=945  \\$p38
=945  \\$aDigiMet
=945  \\$vpt. 1509
=945  \\$p50
=945  \\$aDigiMet
=945  \\$vpt. 151
=945  \\$p36
=945  \\$aDigiMet
=945  \\$vpt. 1510
=945  \\$p32
=945  \\$aDigiMet
=945  \\$vpt. 1511
=945  \\$p26
=945  \\$aDigiMet
=945  \\$vpt. 1512
=945  \\$p26
=945  \\$aDigiMet
=945  \\$vpt. 1513
=945  \\$p40
=945  \\$aDigiMet
=945  \\$vpt. 1514
=945  \\$p24
=945  \\$aDigiMet
=945  \\$vpt. 1515
=945  \\$p18
=945  \\$aDigiMet
=945  \\$vpt. 1516
=945  \\$p24
=945  \\$aDigiMet
=945  \\$vpt. 1517
=945  \\$p20
=945  \\$aDigiMet
=945  \\$vpt. 1518
=945  \\$p30
=945  \\$aDigiMet
=945  \\$vpt. 1519
=945  \\$p36
=945  \\$aDigiMet
=945  \\$vpt. 152
=945  \\$p32
=945  \\$aDigiMet
=945  \\$vpt. 1520
=945  \\$p34
=945  \\$aDigiMet
=945  \\$vpt. 1521
=945  \\$p28
=945  \\$aDigiMet
=945  \\$vpt. 1522
=945  \\$p32
=945  \\$aDigiMet
=945  \\$vpt. 1523
=945  \\$p34
=945  \\$aDigiMet
=945  \\$vpt. 1524
=945  \\$p28
=945  \\$aDigiMet
=945  \\$vpt. 1525
=945  \\$p48
=945  \\$aDigiMet
=945  \\$vpt. 1526
=945  \\$p32
=945  \\$aDigiMet
=945  \\$vpt. 1527
=945  \\$p32
=945  \\$aDigiMet
=945  \\$vpt. 1528
=945  \\$p40
=945  \\$aDigiMet
=945  \\$vpt. 1529
=945  \\$p38
=945  \\$aDigiMet
=945  \\$vpt. 153
=945  \\$p44
=945  \\$aDigiMet
=945  \\$vpt. 1530
=945  \\$p32
=945  \\$aDigiMet
=945  \\$vpt. 1531
=945  \\$p40
=945  \\$aDigiMet
=945  \\$vpt. 1532
=945  \\$p30
=945  \\$aDigiMet
=945  \\$vpt. 1533
=945  \\$p30
=945  \\$aDigiMet
=945  \\$vpt. 1534
=945  \\$p32
=945  \\$aDigiMet
=945  \\$vpt. 1535
=945  \\$p42
=945  \\$aDigiMet
=945  \\$vpt. 1536
=945  \\$p32
=945  \\$aDigiMet
=945  \\$vpt. 1537
=945  \\$p22
=945  \\$aDigiMet
=945  \\$vpt. 1538
=945  \\$p22
=945  \\$aDigiMet
=945  \\$vpt. 1539
=945  \\$p30
=945  \\$aDigiMet
=945  \\$vpt. 154
=945  \\$p30
=945  \\$aDigiMet
=945  \\$vpt. 1540
=945  \\$p48
=945  \\$aDigiMet
=945  \\$vpt. 1541
=945  \\$p26
=945  \\$aDigiMet
=945  \\$vpt. 1542
=945  \\$p34
=945  \\$aDigiMet
=945  \\$vpt. 1543
=945  \\$p38
=945  \\$aDigiMet
=945  \\$vpt. 1544
=945  \\$p36
=945  \\$aDigiMet
=945  \\$vpt. 1545
=945  \\$p32
=945  \\$aDigiMet
=945  \\$vpt. 1546
=945  \\$p46
=945  \\$aDigiMet
=945  \\$vpt. 1547
=945  \\$p22
=945  \\$aDigiMet
=945  \\$vpt. 1548
=945  \\$p38
=945  \\$aDigiMet
=945  \\$vpt. 1549
=945  \\$p50
=945  \\$aDigiMet
=945  \\$vpt. 155
=945  \\$p46
=945  \\$aDigiMet
=945  \\$vpt. 1550
=945  \\$p44
=945  \\$aDigiMet
=945  \\$vpt. 1551
=945  \\$p32
=945  \\$aDigiMet
=945  \\$vpt. 1552
=945  \\$p36
=945  \\$aDigiMet
=945  \\$vpt. 1553
=945  \\$p34
=945  \\$aDigiMet
=945  \\$vpt. 1554
=945  \\$p40
=945  \\$aDigiMet
=945  \\$vpt. 1555
=945  \\$p30
=945  \\$aDigiMet
=945  \\$vpt. 1556
=945  \\$p30
=945  \\$aDigiMet
=945  \\$vpt. 1557
=945  \\$p44
=945  \\$aDigiMet
=945  \\$vpt. 1558
=945  \\$p36
=945  \\$aDigiMet
=945  \\$vpt. 1559
=945  \\$p40
=945  \\$aDigiMet
=945  \\$vpt. 156
=945  \\$p30
=945  \\$aDigiMet
=945  \\$vpt. 1560
=945  \\$p34
=945  \\$aDigiMet
=945  \\$vpt. 1561
=945  \\$p36
=945  \\$aDigiMet
=945  \\$vpt. 1562
=945  \\$p48
=945  \\$aDigiMet
=945  \\$vpt. 1563
=945  \\$p30
=945  \\$aDigiMet
=945  \\$vpt. 1564
=945  \\$p26
=945  \\$aDigiMet
=945  \\$vpt. 1565
=945  \\$p22
=945  \\$aDigiMet
=945  \\$vpt. 1566
=945  \\$p44
=945  \\$aDigiMet
=945  \\$vpt. 1567
=945  \\$p32
=945  \\$aDigiMet
=945  \\$vpt. 1568
=945  \\$p26
=945  \\$aDigiMet
=945  \\$vpt. 1569
=945  \\$p22
=945  \\$aDigiMet
=945  \\$vpt. 157
=945  \\$p26
=945  \\$aDigiMet
=945  \\$vpt. 1570
=945  \\$p36
=945  \\$aDigiMet
=945  \\$vpt. 1571
=945  \\$p28
=945  \\$aDigiMet
=945  \\$vpt. 1572
=945  \\$p28
=945  \\$aDigiMet
=945  \\$vpt. 1573
=945  \\$p40
=945  \\$aDigiMet
=945  \\$vpt. 1574
=945  \\$p32
=945  \\$aDigiMet
=945  \\$vpt. 1575
=945  \\$p46
=945  \\$aDigiMet
=945  \\$vpt. 1576
=945  \\$p32
=945  \\$aDigiMet
=945  \\$vpt. 1577
=945  \\$p34
=945  \\$aDigiMet
=945  \\$vpt. 1578
=945  \\$p28
=945  \\$aDigiMet
=945  \\$vpt. 1579
=945  \\$p28
=945  \\$aDigiMet
=945  \\$vpt. 158
=945  \\$p44
=945  \\$aDigiMet
=945  \\$vpt. 1580
=945  \\$p44
=945  \\$aDigiMet
=945  \\$vpt. 1581
=945  \\$p32
=945  \\$aDigiMet
=945  \\$vpt. 1582
=945  \\$p22
=945  \\$aDigiMet
=945  \\$vpt. 1583
=945  \\$p28
=945  \\$aDigiMet
=945  \\$vpt. 1584
=945  \\$p40
=945  \\$aDigiMet
=945  \\$vpt. 1585
=945  \\$p22
=945  \\$aDigiMet
=945  \\$vpt. 1586
=945  \\$p28
=945  \\$aDigiMet
=945  \\$vpt. 1587
=945  \\$p38
=945  \\$aDigiMet
=945  \\$vpt. 1588
=945  \\$p26
=945  \\$aDigiMet
=945  \\$vpt. 1589
=945  \\$p16
=945  \\$aDigiMet
=945  \\$vpt. 159
=945  \\$p34
=945  \\$aDigiMet
=945  \\$vpt. 1590
=945  \\$p28
=945  \\$aDigiMet
=945  \\$vpt. 1591
=945  \\$p30
=945  \\$aDigiMet
=945  \\$vpt. 1592
=945  \\$p30
=945  \\$aDigiMet
=945  \\$vpt. 1593
=945  \\$p18
=945  \\$aDigiMet
=945  \\$vpt. 1594
=945  \\$p30
=945  \\$aDigiMet
=945  \\$vpt. 1595
=945  \\$p24
=945  \\$aDigiMet
=945  \\$vpt. 1596
=945  \\$p28
=945  \\$aDigiMet
=945  \\$vpt. 1597
=945  \\$p28
=945  \\$aDigiMet
=945  \\$vpt. 1598
=945  \\$p32
=945  \\$aDigiMet
=945  \\$vpt. 1599
=945  \\$p34
=945  \\$aDigiMet
=945  \\$vpt. 160
=945  \\$p30
=945  \\$aDigiMet
=945  \\$vpt. 1600
=945  \\$p30
=945  \\$aDigiMet
=945  \\$vpt. 1601
=945  \\$p32
=945  \\$aDigiMet
=945  \\$vpt. 1602
=945  \\$p30
=945  \\$aDigiMet
=945  \\$vpt. 1603
=945  \\$p30
=945  \\$aDigiMet
=945  \\$vpt. 1604
=945  \\$p40
=945  \\$aDigiMet
=945  \\$vpt. 1605
=945  \\$p38
=945  \\$aDigiMet
=945  \\$vpt. 1606
=945  \\$p32
=945  \\$aDigiMet
=945  \\$vpt. 1607
=945  \\$p26
=945  \\$aDigiMet
=945  \\$vpt. 1608
=945  \\$p34
=945  \\$aDigiMet
=945  \\$vpt. 1609
=945  \\$p34
=945  \\$aDigiMet
=945  \\$vpt. 161
=945  \\$p30
=945  \\$aDigiMet
=945  \\$vpt. 1610
=945  \\$p24
=945  \\$aDigiMet
=945  \\$vpt. 1611
=945  \\$p30
=945  \\$aDigiMet
=945  \\$vpt. 1612
=945  \\$p32
=945  \\$aDigiMet
=945  \\$vpt. 1613
=945  \\$p26
=945  \\$aDigiMet
=945  \\$vpt. 1614
=945  \\$p24
=945  \\$aDigiMet
=945  \\$vpt. 1615
=945  \\$p34
=945  \\$aDigiMet
=945  \\$vpt. 1616
=945  \\$p28
=945  \\$aDigiMet
=945  \\$vpt. 1617
=945  \\$p30
=945  \\$aDigiMet
=945  \\$vpt. 1618
=945  \\$p36
=945  \\$aDigiMet
=945  \\$vpt. 1619
=945  \\$p34
=945  \\$aDigiMet
=945  \\$vpt. 162
=945  \\$p56
=945  \\$aDigiMet
=945  \\$vpt. 1620
=945  \\$p28
=945  \\$aDigiMet
=945  \\$vpt. 1621
=945  \\$p18
=945  \\$aDigiMet
=945  \\$vpt. 1622
=945  \\$p34
=945  \\$aDigiMet
=945  \\$vpt. 1623
=945  \\$p32
=945  \\$aDigiMet
=945  \\$vpt. 1624
=945  \\$p20
=945  \\$aDigiMet
=945  \\$vpt. 1625
=945  \\$p18
=945  \\$aDigiMet
=945  \\$vpt. 1626
=945  \\$p48
=945  \\$aDigiMet
=945  \\$vpt. 1627
=945  \\$p26
=945  \\$aDigiMet
=945  \\$vpt. 1628
=945  \\$p34
=945  \\$aDigiMet
=945  \\$vpt. 1629
=945  \\$p26
=945  \\$aDigiMet
=945  \\$vpt. 163
=945  \\$p38
=945  \\$aDigiMet
=945  \\$vpt. 1630
=945  \\$p34
=945  \\$aDigiMet
=945  \\$vpt. 1631
=945  \\$p40
=945  \\$aDigiMet
=945  \\$vpt. 1632
=945  \\$p22
=945  \\$aDigiMet
=945  \\$vpt. 1633
=945  \\$p30
=945  \\$aDigiMet
=945  \\$vpt. 1634
=945  \\$p20
=945  \\$aDigiMet
=945  \\$vpt. 1635
=945  \\$p40
=945  \\$aDigiMet
=945  \\$vpt. 1636
=945  \\$p26
=945  \\$aDigiMet
=945  \\$vpt. 1637
=945  \\$p26
=945  \\$aDigiMet
=945  \\$vpt. 1638
=945  \\$p30
=945  \\$aDigiMet
=945  \\$vpt. 1639
=945  \\$p22
=945  \\$aDigiMet
=945  \\$vpt. 164
=945  \\$p50
=945  \\$aDigiMet
=945  \\$vpt. 1640
=945  \\$p20
=945  \\$aDigiMet
=945  \\$vpt. 1641
=945  \\$p20
=945  \\$aDigiMet
=945  \\$vpt. 1642
=945  \\$p16
=945  \\$aDigiMet
=945  \\$vpt. 1643
=945  \\$p40
=945  \\$aDigiMet
=945  \\$vpt. 1644
=945  \\$p28
=945  \\$aDigiMet
=945  \\$vpt. 1645
=945  \\$p34
=945  \\$aDigiMet
=945  \\$vpt. 1646
=945  \\$p22
=945  \\$aDigiMet
=945  \\$vpt. 1647
=945  \\$p20
=945  \\$aDigiMet
=945  \\$vpt. 1648
=945  \\$p30
=945  \\$aDigiMet
=945  \\$vpt. 1649
=945  \\$p38
=945  \\$aDigiMet
=945  \\$vpt. 165
=945  \\$p22
=945  \\$aDigiMet
=945  \\$vpt. 1650
=945  \\$p32
=945  \\$aDigiMet
=945  \\$vpt. 1651
=945  \\$p32
=945  \\$aDigiMet
=945  \\$vpt. 1652
=945  \\$p34
=945  \\$aDigiMet
=945  \\$vpt. 1653
=945  \\$p42
=945  \\$aDigiMet
=945  \\$vpt. 1654
=945  \\$p18
=945  \\$aDigiMet
=945  \\$vpt. 1655
=945  \\$p30
=945  \\$aDigiMet
=945  \\$vpt. 1656
=945  \\$p34
=945  \\$aDigiMet
=945  \\$vpt. 1657
=945  \\$p28
=945  \\$aDigiMet
=945  \\$vpt. 1658
=945  \\$p24
=945  \\$aDigiMet
=945  \\$vpt. 1659
=945  \\$p28
=945  \\$aDigiMet
=945  \\$vpt. 166
=945  \\$p20
=945  \\$aDigiMet
=945  \\$vpt. 1660
=945  \\$p26
=945  \\$aDigiMet
=945  \\$vpt. 1661
=945  \\$p28
=945  \\$aDigiMet
=945  \\$vpt. 1662
=945  \\$p32
=945  \\$aDigiMet
=945  \\$vpt. 1663
=945  \\$p24
=945  \\$aDigiMet
=945  \\$vpt. 1664
=945  \\$p26
=945  \\$aDigiMet
=945  \\$vpt. 1665
=945  \\$p20
=945  \\$aDigiMet
=945  \\$vpt. 1666
=945  \\$p36
=945  \\$aDigiMet
=945  \\$vpt. 1667
=945  \\$p20
=945  \\$aDigiMet
=945  \\$vpt. 1668
=945  \\$p32
=945  \\$aDigiMet
=945  \\$vpt. 1669
=945  \\$p32
=945  \\$aDigiMet
=945  \\$vpt. 167
=945  \\$p22
=945  \\$aDigiMet
=945  \\$vpt. 1670
=945  \\$p26
=945  \\$aDigiMet
=945  \\$vpt. 1671
=945  \\$p22
=945  \\$aDigiMet
=945  \\$vpt. 1672
=945  \\$p18
=945  \\$aDigiMet
=945  \\$vpt. 1673
=945  \\$p18
=945  \\$aDigiMet
=945  \\$vpt. 1674
=945  \\$p14
=945  \\$aDigiMet
=945  \\$vpt. 1675
=945  \\$p24
=945  \\$aDigiMet
=945  \\$vpt. 1676
=945  \\$p24
=945  \\$aDigiMet
=945  \\$vpt. 1677
=945  \\$p28
=945  \\$aDigiMet
=945  \\$vpt. 1678
=945  \\$p30
=945  \\$aDigiMet
=945  \\$vpt. 1679
=945  \\$p32
=945  \\$aDigiMet
=945  \\$vpt. 168
=945  \\$p24
=945  \\$aDigiMet
=945  \\$vpt. 1680
=945  \\$p20
=945  \\$aDigiMet
=945  \\$vpt. 1681
=945  \\$p32
=945  \\$aDigiMet
=945  \\$vpt. 1682
=945  \\$p24
=945  \\$aDigiMet
=945  \\$vpt. 1683
=945  \\$p22
=945  \\$aDigiMet
=945  \\$vpt. 1684
=945  \\$p34
=945  \\$aDigiMet
=945  \\$vpt. 1685
=945  \\$p16
=945  \\$aDigiMet
=945  \\$vpt. 1686
=945  \\$p22
=945  \\$aDigiMet
=945  \\$vpt. 1687
=945  \\$p30
=945  \\$aDigiMet
=945  \\$vpt. 1688
=945  \\$p32
=945  \\$aDigiMet
=945  \\$vpt. 1689
=945  \\$p14
=945  \\$aDigiMet
=945  \\$vpt. 169
=945  \\$p52
=945  \\$aDigiMet
=945  \\$vpt. 1690
=945  \\$p24
=945  \\$aDigiMet
=945  \\$vpt. 1691
=945  \\$p18
=945  \\$aDigiMet
=945  \\$vpt. 1692
=945  \\$p28
=945  \\$aDigiMet
=945  \\$vpt. 1693
=945  \\$p14
=945  \\$aDigiMet
=945  \\$vpt. 1694
=945  \\$p14
=945  \\$aDigiMet
=945  \\$vpt. 1695
=945  \\$p14
=945  \\$aDigiMet
=945  \\$vpt. 1696
=945  \\$p34
=945  \\$aDigiMet
=945  \\$vpt. 1697
=945  \\$p30
=945  \\$aDigiMet
=945  \\$vpt. 1698
=945  \\$p24
=945  \\$aDigiMet
=945  \\$vpt. 1699
=945  \\$p14
=945  \\$aDigiMet
=945  \\$vpt. 170
=945  \\$p42
=945  \\$aDigiMet
=945  \\$vpt. 1700
=945  \\$p24
=945  \\$aDigiMet
=945  \\$vpt. 1701
=945  \\$p34
=945  \\$aDigiMet
=945  \\$vpt. 1702
=945  \\$p26
=945  \\$aDigiMet
=945  \\$vpt. 1703
=945  \\$p40
=945  \\$aDigiMet
=945  \\$vpt. 1704
=945  \\$p34
=945  \\$aDigiMet
=945  \\$vpt. 1705
=945  \\$p40
=945  \\$aDigiMet
=945  \\$vpt. 1706
=945  \\$p24
=945  \\$aDigiMet
=945  \\$vpt. 1707
=945  \\$p30
=945  \\$aDigiMet
=945  \\$vpt. 1708
=945  \\$p30
=945  \\$aDigiMet
=945  \\$vpt. 1709
=945  \\$p42
=945  \\$aDigiMet
=945  \\$vpt. 171
=945  \\$p30
=945  \\$aDigiMet
=945  \\$vpt. 1710
=945  \\$p42
=945  \\$aDigiMet
=945  \\$vpt. 1711
=945  \\$p26
=945  \\$aDigiMet
=945  \\$vpt. 1712
=945  \\$p42
=945  \\$aDigiMet
=945  \\$vpt. 1713
=945  \\$p40
=945  \\$aDigiMet
=945  \\$vpt. 1714
=945  \\$p24
=945  \\$aDigiMet
=945  \\$vpt. 1715
=945  \\$p26
=945  \\$aDigiMet
=945  \\$vpt. 1716
=945  \\$p32
=945  \\$aDigiMet
=945  \\$vpt. 1717
=945  \\$p28
=945  \\$aDigiMet
=945  \\$vpt. 1718
=945  \\$p40
=945  \\$aDigiMet
=945  \\$vpt. 1719
=945  \\$p36
=945  \\$aDigiMet
=945  \\$vpt. 172
=945  \\$p32
=945  \\$aDigiMet
=945  \\$vpt. 1720
=945  \\$p24
=945  \\$aDigiMet
=945  \\$vpt. 1721
=945  \\$p34
=945  \\$aDigiMet
=945  \\$vpt. 1722
=945  \\$p48
=945  \\$aDigiMet
=945  \\$vpt. 1723
=945  \\$p24
=945  \\$aDigiMet
=945  \\$vpt. 1724
=945  \\$p36
=945  \\$aDigiMet
=945  \\$vpt. 1725
=945  \\$p38
=945  \\$aDigiMet
=945  \\$vpt. 1726
=945  \\$p30
=945  \\$aDigiMet
=945  \\$vpt. 1727
=945  \\$p36
=945  \\$aDigiMet
=945  \\$vpt. 1728
=945  \\$p34
=945  \\$aDigiMet
=945  \\$vpt. 1729
=945  \\$p28
=945  \\$aDigiMet
=945  \\$vpt. 173
=945  \\$p42
=945  \\$aDigiMet
=945  \\$vpt. 1730
=945  \\$p38
=945  \\$aDigiMet
=945  \\$vpt. 1731
=945  \\$p42
=945  \\$aDigiMet
=945  \\$vpt. 1732
=945  \\$p38
=945  \\$aDigiMet
=945  \\$vpt. 1733
=945  \\$p32
=945  \\$aDigiMet
=945  \\$vpt. 1734
=945  \\$p34
=945  \\$aDigiMet
=945  \\$vpt. 1735
=945  \\$p30
=945  \\$aDigiMet
=945  \\$vpt. 1736
=945  \\$p34
=945  \\$aDigiMet
=945  \\$vpt. 1737
=945  \\$p26
=945  \\$aDigiMet
=945  \\$vpt. 1738
=945  \\$p36
=945  \\$aDigiMet
=945  \\$vpt. 1739
=945  \\$p38
=945  \\$aDigiMet
=945  \\$vpt. 174
=945  \\$p36
=945  \\$aDigiMet
=945  \\$vpt. 1740
=945  \\$p34
=945  \\$aDigiMet
=945  \\$vpt. 1741
=945  \\$p48
=945  \\$aDigiMet
=945  \\$vpt. 1742
=945  \\$p40
=945  \\$aDigiMet
=945  \\$vpt. 1743
=945  \\$p30
=945  \\$aDigiMet
=945  \\$vpt. 1744
=945  \\$p30
=945  \\$aDigiMet
=945  \\$vpt. 1745
=945  \\$p22
=945  \\$aDigiMet
=945  \\$vpt. 1746
=945  \\$p34
=945  \\$aDigiMet
=945  \\$vpt. 1747
=945  \\$p44
=945  \\$aDigiMet
=945  \\$vpt. 1748
=945  \\$p28
=945  \\$aDigiMet
=945  \\$vpt. 1749
=945  \\$p28
=945  \\$aDigiMet
=945  \\$vpt. 175
=945  \\$p42
=945  \\$aDigiMet
=945  \\$vpt. 1750
=945  \\$p40
=945  \\$aDigiMet
=945  \\$vpt. 1751
=945  \\$p36
=945  \\$aDigiMet
=945  \\$vpt. 1752
=945  \\$p28
=945  \\$aDigiMet
=945  \\$vpt. 1753
=945  \\$p24
=945  \\$aDigiMet
=945  \\$vpt. 1754
=945  \\$p34
=945  \\$aDigiMet
=945  \\$vpt. 1755
=945  \\$p34
=945  \\$aDigiMet
=945  \\$vpt. 1756
=945  \\$p40
=945  \\$aDigiMet
=945  \\$vpt. 1757
=945  \\$p56
=945  \\$aDigiMet
=945  \\$vpt. 1758
=945  \\$p42
=945  \\$aDigiMet
=945  \\$vpt. 1759
=945  \\$p48
=945  \\$aDigiMet
=945  \\$vpt. 176
=945  \\$p32
=945  \\$aDigiMet
=945  \\$vpt. 1760
=945  \\$p38
=945  \\$aDigiMet
=945  \\$vpt. 1761
=945  \\$p42
=945  \\$aDigiMet
=945  \\$vpt. 1762
=945  \\$p38
=945  \\$aDigiMet
=945  \\$vpt. 1763
=945  \\$p42
=945  \\$aDigiMet
=945  \\$vpt. 1764
=945  \\$p36
=945  \\$aDigiMet
=945  \\$vpt. 1765
=945  \\$p40
=945  \\$aDigiMet
=945  \\$vpt. 1766
=945  \\$p32
=945  \\$aDigiMet
=945  \\$vpt. 1767
=945  \\$p26
=945  \\$aDigiMet
=945  \\$vpt. 1768
=945  \\$p42
=945  \\$aDigiMet
=945  \\$vpt. 1769
=945  \\$p30
=945  \\$aDigiMet
=945  \\$vpt. 177
=945  \\$p28
=945  \\$aDigiMet
=945  \\$vpt. 1770
=945  \\$p44
=945  \\$aDigiMet
=945  \\$vpt. 1771
=945  \\$p30
=945  \\$aDigiMet
=945  \\$vpt. 1772
=945  \\$p32
=945  \\$aDigiMet
=945  \\$vpt. 1773
=945  \\$p30
=945  \\$aDigiMet
=945  \\$vpt. 1774
=945  \\$p28
=945  \\$aDigiMet
=945  \\$vpt. 1775
=945  \\$p30
=945  \\$aDigiMet
=945  \\$vpt. 1776
=945  \\$p54
=945  \\$aDigiMet
=945  \\$vpt. 1777
=945  \\$p26
=945  \\$aDigiMet
=945  \\$vpt. 1778
=945  \\$p38
=945  \\$aDigiMet
=945  \\$vpt. 1779
=945  \\$p38
=945  \\$aDigiMet
=945  \\$vpt. 178
=945  \\$p40
=945  \\$aDigiMet
=945  \\$vpt. 1780
=945  \\$p30
=945  \\$aDigiMet
=945  \\$vpt. 1781
=945  \\$p34
=945  \\$aDigiMet
=945  \\$vpt. 1782
=945  \\$p34
=945  \\$aDigiMet
=945  \\$vpt. 1783
=945  \\$p26
=945  \\$aDigiMet
=945  \\$vpt. 1784
=945  \\$p36
=945  \\$aDigiMet
=945  \\$vpt. 1785
=945  \\$p44
=945  \\$aDigiMet
=945  \\$vpt. 1786
=945  \\$p26
=945  \\$aDigiMet
=945  \\$vpt. 1787
=945  \\$p30
=945  \\$aDigiMet
=945  \\$vpt. 1788
=945  \\$p42
=945  \\$aDigiMet
=945  \\$vpt. 1789
=945  \\$p36
=945  \\$aDigiMet
=945  \\$vpt. 179
=945  \\$p50
=945  \\$aDigiMet
=945  \\$vpt. 1790
=945  \\$p38
=945  \\$aDigiMet
=945  \\$vpt. 1791
=945  \\$p40
=945  \\$aDigiMet
=945  \\$vpt. 1792
=945  \\$p40
=945  \\$aDigiMet
=945  \\$vpt. 1793
=945  \\$p30
=945  \\$aDigiMet
=945  \\$vpt. 1794
=945  \\$p44
=945  \\$aDigiMet
=945  \\$vpt. 1795
=945  \\$p30
=945  \\$aDigiMet
=945  \\$vpt. 1796
=945  \\$p24
=945  \\$aDigiMet
=945  \\$vpt. 1797
=945  \\$p28
=945  \\$aDigiMet
=945  \\$vpt. 1798
=945  \\$p36
=945  \\$aDigiMet
=945  \\$vpt. 1799
=945  \\$p36
=945  \\$aDigiMet
=945  \\$vpt. 180
=945  \\$p48
=945  \\$aDigiMet
=945  \\$vpt. 1800
=945  \\$p48
=945  \\$aDigiMet
=945  \\$vpt. 1802
=945  \\$p42
=945  \\$aDigiMet
=945  \\$vpt. 1803
=945  \\$p38
=945  \\$aDigiMet
=945  \\$vpt. 1804
=945  \\$p34
=945  \\$aDigiMet
=945  \\$vpt. 1805
=945  \\$p34
=945  \\$aDigiMet
=945  \\$vpt. 1806
=945  \\$p40
=945  \\$aDigiMet
=945  \\$vpt. 1807
=945  \\$p46
=945  \\$aDigiMet
=945  \\$vpt. 1808
=945  \\$p54
=945  \\$aDigiMet
=945  \\$vpt. 1809
=945  \\$p48
=945  \\$aDigiMet
=945  \\$vpt. 181
=945  \\$p44
=945  \\$aDigiMet
=945  \\$vpt. 1810
=945  \\$p38
=945  \\$aDigiMet
=945  \\$vpt. 1811
=945  \\$p38
=945  \\$aDigiMet
=945  \\$vpt. 1812
=945  \\$p34
=945  \\$aDigiMet
=945  \\$vpt. 1813
=945  \\$p46
=945  \\$aDigiMet
=945  \\$vpt. 1814
=945  \\$p48
=945  \\$aDigiMet
=945  \\$vpt. 1815
=945  \\$p44
=945  \\$aDigiMet
=945  \\$vpt. 1816
=945  \\$p46
=945  \\$aDigiMet
=945  \\$vpt. 1817
=945  \\$p50
=945  \\$aDigiMet
=945  \\$vpt. 1818
=945  \\$p38
=945  \\$aDigiMet
=945  \\$vpt. 1819
=945  \\$p26
=945  \\$aDigiMet
=945  \\$vpt. 182
=945  \\$p48
=945  \\$aDigiMet
=945  \\$vpt. 1820
=945  \\$p40
=945  \\$aDigiMet
=945  \\$vpt. 1821
=945  \\$p44
=945  \\$aDigiMet
=945  \\$vpt. 1822
=945  \\$p46
=945  \\$aDigiMet
=945  \\$vpt. 1823
=945  \\$p34
=945  \\$aDigiMet
=945  \\$vpt. 1824
=945  \\$p48
=945  \\$aDigiMet
=945  \\$vpt. 1825
=945  \\$p40
=945  \\$aDigiMet
=945  \\$vpt. 1826
=945  \\$p40
=945  \\$aDigiMet
=945  \\$vpt. 1827
=945  \\$p28
=945  \\$aDigiMet
=945  \\$vpt. 1828
=945  \\$p22
=945  \\$aDigiMet
=945  \\$vpt. 1829
=945  \\$p34
=945  \\$aDigiMet
=945  \\$vpt. 183
=945  \\$p26
=945  \\$aDigiMet
=945  \\$vpt. 1830
=945  \\$p42
=945  \\$aDigiMet
=945  \\$vpt. 1831
=945  \\$p36
=945  \\$aDigiMet
=945  \\$vpt. 1832
=945  \\$p28
=945  \\$aDigiMet
=945  \\$vpt. 1833
=945  \\$p32
=945  \\$aDigiMet
=945  \\$vpt. 1834
=945  \\$p44
=945  \\$aDigiMet
=945  \\$vpt. 1835
=945  \\$p36
=945  \\$aDigiMet
=945  \\$vpt. 1836
=945  \\$p36
=945  \\$aDigiMet
=945  \\$vpt. 1837
=945  \\$p36
=945  \\$aDigiMet
=945  \\$vpt. 1838
=945  \\$p28
=945  \\$aDigiMet
=945  \\$vpt. 1839
=945  \\$p36
=945  \\$aDigiMet
=945  \\$vpt. 184
=945  \\$p30
=945  \\$aDigiMet
=945  \\$vpt. 1840
=945  \\$p42
=945  \\$aDigiMet
=945  \\$vpt. 1841
=945  \\$p38
=945  \\$aDigiMet
=945  \\$vpt. 1842
=945  \\$p44
=945  \\$aDigiMet
=945  \\$vpt. 1843
=945  \\$p38
=945  \\$aDigiMet
=945  \\$vpt. 1844
=945  \\$p36
=945  \\$aDigiMet
=945  \\$vpt. 1845
=945  \\$p36
=945  \\$aDigiMet
=945  \\$vpt. 1846
=945  \\$p44
=945  \\$aDigiMet
=945  \\$vpt. 1847
=945  \\$p44
=945  \\$aDigiMet
=945  \\$vpt. 1848
=945  \\$p28
=945  \\$aDigiMet
=945  \\$vpt. 1849
=945  \\$p24
=945  \\$aDigiMet
=945  \\$vpt. 185
=945  \\$p38
=945  \\$aDigiMet
=945  \\$vpt. 1850
=945  \\$p30
=945  \\$aDigiMet
=945  \\$vpt. 1851
=945  \\$p40
=945  \\$aDigiMet
=945  \\$vpt. 1852
=945  \\$p44
=945  \\$aDigiMet
=945  \\$vpt. 1853
=945  \\$p34
=945  \\$aDigiMet
=945  \\$vpt. 1854
=945  \\$p40
=945  \\$aDigiMet
=945  \\$vpt. 1855
=945  \\$p44
=945  \\$aDigiMet
=945  \\$vpt. 1856
=945  \\$p42
=945  \\$aDigiMet
=945  \\$vpt. 1857
=945  \\$p44
=945  \\$aDigiMet
=945  \\$vpt. 1858
=945  \\$p44
=945  \\$aDigiMet
=945  \\$vpt. 1859
=945  \\$p40
=945  \\$aDigiMet
=945  \\$vpt. 186
=945  \\$p46
=945  \\$aDigiMet
=945  \\$vpt. 1860
=945  \\$p36
=945  \\$aDigiMet
=945  \\$vpt. 1861
=945  \\$p42
=945  \\$aDigiMet
=945  \\$vpt. 1862
=945  \\$p30
=945  \\$aDigiMet
=945  \\$vpt. 1863
=945  \\$p36
=945  \\$aDigiMet
=945  \\$vpt. 1864
=945  \\$p36
=945  \\$aDigiMet
=945  \\$vpt. 1865
=945  \\$p38
=945  \\$aDigiMet
=945  \\$vpt. 1866
=945  \\$p26
=945  \\$aDigiMet
=945  \\$vpt. 1867
=945  \\$p42
=945  \\$aDigiMet
=945  \\$vpt. 1868
=945  \\$p36
=945  \\$aDigiMet
=945  \\$vpt. 1869
=945  \\$p32
=945  \\$aDigiMet
=945  \\$vpt. 187
=945  \\$p40
=945  \\$aDigiMet
=945  \\$vpt. 1870
=945  \\$p40
=945  \\$aDigiMet
=945  \\$vpt. 1871
=945  \\$p36
=945  \\$aDigiMet
=945  \\$vpt. 1872
=945  \\$p34
=945  \\$aDigiMet
=945  \\$vpt. 1873
=945  \\$p36
=945  \\$aDigiMet
=945  \\$vpt. 1874
=945  \\$p28
=945  \\$aDigiMet
=945  \\$vpt. 1875
=945  \\$p34
=945  \\$aDigiMet
=945  \\$vpt. 1876
=945  \\$p36
=945  \\$aDigiMet
=945  \\$vpt. 1877
=945  \\$p32
=945  \\$aDigiMet
=945  \\$vpt. 1878
=945  \\$p28
=945  \\$aDigiMet
=945  \\$vpt. 1879
=945  \\$p28
=945  \\$aDigiMet
=945  \\$vpt. 188
=945  \\$p46
=945  \\$aDigiMet
=945  \\$vpt. 1880
=945  \\$p28
=945  \\$aDigiMet
=945  \\$vpt. 1881
=945  \\$p36
=945  \\$aDigiMet
=945  \\$vpt. 1882
=945  \\$p36
=945  \\$aDigiMet
=945  \\$vpt. 1883
=945  \\$p36
=945  \\$aDigiMet
=945  \\$vpt. 1884
=945  \\$p28
=945  \\$aDigiMet
=945  \\$vpt. 1885
=945  \\$p36
=945  \\$aDigiMet
=945  \\$vpt. 1886
=945  \\$p28
=945  \\$aDigiMet
=945  \\$vpt. 1887
=945  \\$p32
=945  \\$aDigiMet
=945  \\$vpt. 1888
=945  \\$p24
=945  \\$aDigiMet
=945  \\$vpt. 1889
=945  \\$p32
=945  \\$aDigiMet
=945  \\$vpt. 189
=945  \\$p34
=945  \\$aDigiMet
=945  \\$vpt. 1890
=945  \\$p28
=945  \\$aDigiMet
=945  \\$vpt. 1891
=945  \\$p24
=945  \\$aDigiMet
=945  \\$vpt. 1892
=945  \\$p28
=945  \\$aDigiMet
=945  \\$vpt. 1893
=945  \\$p28
=945  \\$aDigiMet
=945  \\$vpt. 1894
=945  \\$p24
=945  \\$aDigiMet
=945  \\$vpt. 1895
=945  \\$p28
=945  \\$aDigiMet
=945  \\$vpt. 1896
=945  \\$p28
=945  \\$aDigiMet
=945  \\$vpt. 1897
=945  \\$p28
=945  \\$aDigiMet
=945  \\$vpt. 1898
=945  \\$p28
=945  \\$aDigiMet
=945  \\$vpt. 1899
=945  \\$p36
=945  \\$aDigiMet
=945  \\$vpt. 190
=945  \\$p50
=945  \\$aDigiMet
=945  \\$vpt. 1900
=945  \\$p20
=945  \\$aDigiMet
=945  \\$vpt. 1901
=945  \\$p24
=945  \\$aDigiMet
=945  \\$vpt. 1902
=945  \\$p28
=945  \\$aDigiMet
=945  \\$vpt. 1903
=945  \\$p32
=945  \\$aDigiMet
=945  \\$vpt. 1904
=945  \\$p34
=945  \\$aDigiMet
=945  \\$vpt. 1905
=945  \\$p28
=945  \\$aDigiMet
=945  \\$vpt. 1906
=945  \\$p32
=945  \\$aDigiMet
=945  \\$vpt. 1907
=945  \\$p36
=945  \\$aDigiMet
=945  \\$vpt. 1908
=945  \\$p24
=945  \\$aDigiMet
=945  \\$vpt. 1909
=945  \\$p40
=945  \\$aDigiMet
=945  \\$vpt. 191
=945  \\$p36
=945  \\$aDigiMet
=945  \\$vpt. 1910
=945  \\$p36
=945  \\$aDigiMet
=945  \\$vpt. 1911
=945  \\$p36
=945  \\$aDigiMet
=945  \\$vpt. 1912
=945  \\$p40
=945  \\$aDigiMet
=945  \\$vpt. 1913
=945  \\$p38
=945  \\$aDigiMet
=945  \\$vpt. 1914
=945  \\$p28
=945  \\$aDigiMet
=945  \\$vpt. 1915
=945  \\$p28
=945  \\$aDigiMet
=945  \\$vpt. 1916
=945  \\$p34
=945  \\$aDigiMet
=945  \\$vpt. 1917
=945  \\$p42
=945  \\$aDigiMet
=945  \\$vpt. 1918
=945  \\$p32
=945  \\$aDigiMet
=945  \\$vpt. 1919
=945  \\$p32
=945  \\$aDigiMet
=945  \\$vpt. 192
=945  \\$p44
=945  \\$aDigiMet
=945  \\$vpt. 1920
=945  \\$p32
=945  \\$aDigiMet
=945  \\$vpt. 1921
=945  \\$p40
=945  \\$aDigiMet
=945  \\$vpt. 1922
=945  \\$p32
=945  \\$aDigiMet
=945  \\$vpt. 1923
=945  \\$p32
=945  \\$aDigiMet
=945  \\$vpt. 1924
=945  \\$p32
=945  \\$aDigiMet
=945  \\$vpt. 1925
=945  \\$p36
=945  \\$aDigiMet
=945  \\$vpt. 1926
=945  \\$p38
=945  \\$aDigiMet
=945  \\$vpt. 1927
=945  \\$p38
=945  \\$aDigiMet
=945  \\$vpt. 1928
=945  \\$p28
=945  \\$aDigiMet
=945  \\$vpt. 1929
=945  \\$p30
=945  \\$aDigiMet
=945  \\$vpt. 193
=945  \\$p24
=945  \\$aDigiMet
=945  \\$vpt. 1930
=945  \\$p32
=945  \\$aDigiMet
=945  \\$vpt. 1931
=945  \\$p32
=945  \\$aDigiMet
=945  \\$vpt. 1932
=945  \\$p28
=945  \\$aDigiMet
=945  \\$vpt. 1933
=945  \\$p28
=945  \\$aDigiMet
=945  \\$vpt. 1934
=945  \\$p28
=945  \\$aDigiMet
=945  \\$vpt. 1935
=945  \\$p32
=945  \\$aDigiMet
=945  \\$vpt. 1936
=945  \\$p28
=945  \\$aDigiMet
=945  \\$vpt. 1937
=945  \\$p32
=945  \\$aDigiMet
=945  \\$vpt. 1938
=945  \\$p32
=945  \\$aDigiMet
=945  \\$vpt. 1939
=945  \\$p28
=945  \\$aDigiMet
=945  \\$vpt. 194
=945  \\$p30
=945  \\$aDigiMet
=945  \\$vpt. 1940
=945  \\$p36
=945  \\$aDigiMet
=945  \\$vpt. 1941
=945  \\$p36
=945  \\$aDigiMet
=945  \\$vpt. 1942
=945  \\$p32
=945  \\$aDigiMet
=945  \\$vpt. 1943
=945  \\$p32
=945  \\$aDigiMet
=945  \\$vpt. 1944
=945  \\$p20
=945  \\$aDigiMet
=945  \\$vpt. 1945
=945  \\$p28
=945  \\$aDigiMet
=945  \\$vpt. 1946
=945  \\$p24
=945  \\$aDigiMet
=945  \\$vpt. 1947
=945  \\$p32
=945  \\$aDigiMet
=945  \\$vpt. 1948
=945  \\$p32
=945  \\$aDigiMet
=945  \\$vpt. 1949
=945  \\$p32
=945  \\$aDigiMet
=945  \\$vpt. 195
=945  \\$p34
=945  \\$aDigiMet
=945  \\$vpt. 1950
=945  \\$p36
=945  \\$aDigiMet
=945  \\$vpt. 1951
=945  \\$p28
=945  \\$aDigiMet
=945  \\$vpt. 1952
=945  \\$p26
=945  \\$aDigiMet
=945  \\$vpt. 1953
=945  \\$p20
=945  \\$aDigiMet
=945  \\$vpt. 1954
=945  \\$p24
=945  \\$aDigiMet
=945  \\$vpt. 1955
=945  \\$p32
=945  \\$aDigiMet
=945  \\$vpt. 1956
=945  \\$p32
=945  \\$aDigiMet
=945  \\$vpt. 1957
=945  \\$p32
=945  \\$aDigiMet
=945  \\$vpt. 1958
=945  \\$p28
=945  \\$aDigiMet
=945  \\$vpt. 1959
=945  \\$p38
=945  \\$aDigiMet
=945  \\$vpt. 196
=945  \\$p46
=945  \\$aDigiMet
=945  \\$vpt. 1960
=945  \\$p42
=945  \\$aDigiMet
=945  \\$vpt. 1961
=945  \\$p32
=945  \\$aDigiMet
=945  \\$vpt. 1962
=945  \\$p36
=945  \\$aDigiMet
=945  \\$vpt. 1963
=945  \\$p32
=945  \\$aDigiMet
=945  \\$vpt. 1964
=945  \\$p32
=945  \\$aDigiMet
=945  \\$vpt. 1965
=945  \\$p36
=945  \\$aDigiMet
=945  \\$vpt. 1966
=945  \\$p28
=945  \\$aDigiMet
=945  \\$vpt. 1967
=945  \\$p32
=945  \\$aDigiMet
=945  \\$vpt. 1968
=945  \\$p28
=945  \\$aDigiMet
=945  \\$vpt. 1969
=945  \\$p28
=945  \\$aDigiMet
=945  \\$vpt. 197
=945  \\$p30
=945  \\$aDigiMet
=945  \\$vpt. 1970
=945  \\$p32
=945  \\$aDigiMet
=945  \\$vpt. 1971
=945  \\$p32
=945  \\$aDigiMet
=945  \\$vpt. 1972
=945  \\$p32
=945  \\$aDigiMet
=945  \\$vpt. 1973
=945  \\$p36
=945  \\$aDigiMet
=945  \\$vpt. 1974
=945  \\$p28
=945  \\$aDigiMet
=945  \\$vpt. 1975
=945  \\$p28
=945  \\$aDigiMet
=945  \\$vpt. 1976
=945  \\$p28
=945  \\$aDigiMet
=945  \\$vpt. 1977
=945  \\$p24
=945  \\$aDigiMet
=945  \\$vpt. 1978
=945  \\$p24
=945  \\$aDigiMet
=945  \\$vpt. 1979
=945  \\$p38
=945  \\$aDigiMet
=945  \\$vpt. 198
=945  \\$p46
=945  \\$aDigiMet
=945  \\$vpt. 1980
=945  \\$p24
=945  \\$aDigiMet
=945  \\$vpt. 1981
=945  \\$p28
=945  \\$aDigiMet
=945  \\$vpt. 1982
=945  \\$p28
=945  \\$aDigiMet
=945  \\$vpt. 1983
=945  \\$p32
=945  \\$aDigiMet
=945  \\$vpt. 1984
=945  \\$p28
=945  \\$aDigiMet
=945  \\$vpt. 1985
=945  \\$p32
=945  \\$aDigiMet
=945  \\$vpt. 1986
=945  \\$p32
=945  \\$aDigiMet
=945  \\$vpt. 1987
=945  \\$p32
=945  \\$aDigiMet
=945  \\$vpt. 1988
=945  \\$p28
=945  \\$aDigiMet
=945  \\$vpt. 1989
=945  \\$p32
=945  \\$aDigiMet
=945  \\$vpt. 199
=945  \\$p36
=945  \\$aDigiMet
=945  \\$vpt. 1990
=945  \\$p28
=945  \\$aDigiMet
=945  \\$vpt. 1991
=945  \\$p32
=945  \\$aDigiMet
=945  \\$vpt. 1992
=945  \\$p24
=945  \\$aDigiMet
=945  \\$vpt. 1993
=945  \\$p28
=945  \\$aDigiMet
=945  \\$vpt. 1994
=945  \\$p36
=945  \\$aDigiMet
=945  \\$vpt. 1995
=945  \\$p28
=945  \\$aDigiMet
=945  \\$vpt. 1996
=945  \\$p32
=945  \\$aDigiMet
=945  \\$vpt. 1997
=945  \\$p32
=945  \\$aDigiMet
=945  \\$vpt. 1998
=945  \\$p32
=945  \\$aDigiMet
=945  \\$vpt. 1999
=945  \\$p32
=945  \\$aDigiMet
=945  \\$vpt. 200
=945  \\$p40
=945  \\$aDigiMet
=945  \\$vpt. 2000
=945  \\$p28
=945  \\$aDigiMet
=945  \\$vpt. 2001
=945  \\$p28
=945  \\$aDigiMet
=945  \\$vpt. 2002
=945  \\$p28
=945  \\$aDigiMet
=945  \\$vpt. 2003
=945  \\$p28
=945  \\$aDigiMet
=945  \\$vpt. 2004
=945  \\$p26
=945  \\$aDigiMet
=945  \\$vpt. 2005
=945  \\$p30
=945  \\$aDigiMet
=945  \\$vpt. 2006
=945  \\$p24
=945  \\$aDigiMet
=945  \\$vpt. 2007
=945  \\$p32
=945  \\$aDigiMet
=945  \\$vpt. 2008
=945  \\$p32
=945  \\$aDigiMet
=945  \\$vpt. 2009
=945  \\$p24
=945  \\$aDigiMet
=945  \\$vpt. 201
=945  \\$p54
=945  \\$aDigiMet
=945  \\$vpt. 2010
=945  \\$p32
=945  \\$aDigiMet
=945  \\$vpt. 2011
=945  \\$p40
=945  \\$aDigiMet
=945  \\$vpt. 2012
=945  \\$p40
=945  \\$aDigiMet
=945  \\$vpt. 2013
=945  \\$p32
=945  \\$aDigiMet
=945  \\$vpt. 2014
=945  \\$p28
=945  \\$aDigiMet
=945  \\$vpt. 2015
=945  \\$p24
=945  \\$aDigiMet
=945  \\$vpt. 2016
=945  \\$p28
=945  \\$aDigiMet
=945  \\$vpt. 2017
=945  \\$p28
=945  \\$aDigiMet
=945  \\$vpt. 2018
=945  \\$p24
=945  \\$aDigiMet
=945  \\$vpt. 2019
=945  \\$p28
=945  \\$aDigiMet
=945  \\$vpt. 202
=945  \\$p38
=945  \\$aDigiMet
=945  \\$vpt. 2020
=945  \\$p28
=945  \\$aDigiMet
=945  \\$vpt. 2021
=945  \\$p28
=945  \\$aDigiMet
=945  \\$vpt. 2022
=945  \\$p28
=945  \\$aDigiMet
=945  \\$vpt. 2023
=945  \\$p28
=945  \\$aDigiMet
=945  \\$vpt. 2024
=945  \\$p28
=945  \\$aDigiMet
=945  \\$vpt. 2025
=945  \\$p28
=945  \\$aDigiMet
=945  \\$vpt. 2026
=945  \\$p28
=945  \\$aDigiMet
=945  \\$vpt. 2027
=945  \\$p24
=945  \\$aDigiMet
=945  \\$vpt. 2028
=945  \\$p24
=945  \\$aDigiMet
=945  \\$vpt. 2029
=945  \\$p24
=945  \\$aDigiMet
=945  \\$vpt. 203
=945  \\$p46
=945  \\$aDigiMet
=945  \\$vpt. 2030
=945  \\$p32
=945  \\$aDigiMet
=945  \\$vpt. 2031
=945  \\$p38
=945  \\$aDigiMet
=945  \\$vpt. 2032
=945  \\$p20
=945  \\$aDigiMet
=945  \\$vpt. 2033
=945  \\$p24
=945  \\$aDigiMet
=945  \\$vpt. 2034
=945  \\$p28
=945  \\$aDigiMet
=945  \\$vpt. 2035
=945  \\$p28
=945  \\$aDigiMet
=945  \\$vpt. 2036
=945  \\$p24
=945  \\$aDigiMet
=945  \\$vpt. 2037
=945  \\$p36
=945  \\$aDigiMet
=945  \\$vpt. 2038
=945  \\$p28
=945  \\$aDigiMet
=945  \\$vpt. 2039
=945  \\$p32
=945  \\$aDigiMet
=945  \\$vpt. 204
=945  \\$p28
=945  \\$aDigiMet
=945  \\$vpt. 2040
=945  \\$p32
=945  \\$aDigiMet
=945  \\$vpt. 2041
=945  \\$p24
=945  \\$aDigiMet
=945  \\$vpt. 2042
=945  \\$p28
=945  \\$aDigiMet
=945  \\$vpt. 2043
=945  \\$p36
=945  \\$aDigiMet
=945  \\$vpt. 2044
=945  \\$p28
=945  \\$aDigiMet
=945  \\$vpt. 2045
=945  \\$p28
=945  \\$aDigiMet
=945  \\$vpt. 2046
=945  \\$p32
=945  \\$aDigiMet
=945  \\$vpt. 2047
=945  \\$p28
=945  \\$aDigiMet
=945  \\$vpt. 2048
=945  \\$p24
=945  \\$aDigiMet
=945  \\$vpt. 2049
=945  \\$p24
=945  \\$aDigiMet
=945  \\$vpt. 205
=945  \\$p40
=945  \\$aDigiMet
=945  \\$vpt. 2050
=945  \\$p20
=945  \\$aDigiMet
=945  \\$vpt. 2051
=945  \\$p24
=945  \\$aDigiMet
=945  \\$vpt. 2052
=945  \\$p24
=945  \\$aDigiMet
=945  \\$vpt. 2053
=945  \\$p24
=945  \\$aDigiMet
=945  \\$vpt. 2054
=945  \\$p28
=945  \\$aDigiMet
=945  \\$vpt. 2055
=945  \\$p24
=945  \\$aDigiMet
=945  \\$vpt. 2056
=945  \\$p26
=945  \\$aDigiMet
=945  \\$vpt. 2057
=945  \\$p36
=945  \\$aDigiMet
=945  \\$vpt. 2058
=945  \\$p20
=945  \\$aDigiMet
=945  \\$vpt. 2059
=945  \\$p24
=945  \\$aDigiMet
=945  \\$vpt. 206
=945  \\$p26
=945  \\$aDigiMet
=945  \\$vpt. 2060
=945  \\$p28
=945  \\$aDigiMet
=945  \\$vpt. 2061
=945  \\$p24
=945  \\$aDigiMet
=945  \\$vpt. 2062
=945  \\$p28
=945  \\$aDigiMet
=945  \\$vpt. 2063
=945  \\$p24
=945  \\$aDigiMet
=945  \\$vpt. 2064
=945  \\$p28
=945  \\$aDigiMet
=945  \\$vpt. 2065
=945  \\$p36
=945  \\$aDigiMet
=945  \\$vpt. 2066
=945  \\$p28
=945  \\$aDigiMet
=945  \\$vpt. 2068
=945  \\$p24
=945  \\$aDigiMet
=945  \\$vpt. 2069
=945  \\$p32
=945  \\$aDigiMet
=945  \\$vpt. 207
=945  \\$p44
=945  \\$aDigiMet
=945  \\$vpt. 2070
=945  \\$p20
=945  \\$aDigiMet
=945  \\$vpt. 2071
=945  \\$p28
=945  \\$aDigiMet
=945  \\$vpt. 2072
=945  \\$p28
=945  \\$aDigiMet
=945  \\$vpt. 2074
=945  \\$p28
=945  \\$aDigiMet
=945  \\$vpt. 2075
=945  \\$p32
=945  \\$aDigiMet
=945  \\$vpt. 2076
=945  \\$p36
=945  \\$aDigiMet
=945  \\$vpt. 2077
=945  \\$p32
=945  \\$aDigiMet
=945  \\$vpt. 2078
=945  \\$p28
=945  \\$aDigiMet
=945  \\$vpt. 2079
=945  \\$p28
=945  \\$aDigiMet
=945  \\$vpt. 2080
=945  \\$p28
=945  \\$aDigiMet
=945  \\$vpt. 2081
=945  \\$p28
=945  \\$aDigiMet
=945  \\$vpt. 2082
=945  \\$p30
=945  \\$aDigiMet
=945  \\$vpt. 2083
=945  \\$p24
=945  \\$aDigiMet
=945  \\$vpt. 2084
=945  \\$p28
=945  \\$aDigiMet
=945  \\$vpt. 2085
=945  \\$p32
=945  \\$aDigiMet
=945  \\$vpt. 2086
=945  \\$p28
=945  \\$aDigiMet
=945  \\$vpt. 2087
=945  \\$p28
=945  \\$aDigiMet
=945  \\$vpt. 2088
=945  \\$p20
=945  \\$aDigiMet
=945  \\$vpt. 2089
=945  \\$p28
=945  \\$aDigiMet
=945  \\$vpt. 209
=945  \\$p44
=945  \\$aDigiMet
=945  \\$vpt. 2090
=945  \\$p24
=945  \\$aDigiMet
=945  \\$vpt. 2091
=945  \\$p32
=945  \\$aDigiMet
=945  \\$vpt. 2092
=945  \\$p28
=945  \\$aDigiMet
=945  \\$vpt. 2093
=945  \\$p20
=945  \\$aDigiMet
=945  \\$vpt. 2094
=945  \\$p36
=945  \\$aDigiMet
=945  \\$vpt. 2095
=945  \\$p28
=945  \\$aDigiMet
=945  \\$vpt. 2096
=945  \\$p24
=945  \\$aDigiMet
=945  \\$vpt. 2097
=945  \\$p28
=945  \\$aDigiMet
=945  \\$vpt. 2098
=945  \\$p24
=945  \\$aDigiMet
=945  \\$vpt. 2099
=945  \\$p28
=945  \\$aDigiMet
=945  \\$vpt. 210
=945  \\$p36
=945  \\$aDigiMet
=945  \\$vpt. 2100
=945  \\$p24
=945  \\$aDigiMet
=945  \\$vpt. 2101
=945  \\$p24
=945  \\$aDigiMet
=945  \\$vpt. 2102
=945  \\$p24
=945  \\$aDigiMet
=945  \\$vpt. 2103
=945  \\$p24
=945  \\$aDigiMet
=945  \\$vpt. 2104
=945  \\$p30
=945  \\$aDigiMet
=945  \\$vpt. 2105
=945  \\$p20
=945  \\$aDigiMet
=945  \\$vpt. 2106
=945  \\$p28
=945  \\$aDigiMet
=945  \\$vpt. 2107
=945  \\$p20
=945  \\$aDigiMet
=945  \\$vpt. 2108
=945  \\$p28
=945  \\$aDigiMet
=945  \\$vpt. 2109
=945  \\$p18
=945  \\$aDigiMet
=945  \\$vpt. 211
=945  \\$p34
=945  \\$aDigiMet
=945  \\$vpt. 2110
=945  \\$p16
=945  \\$aDigiMet
=945  \\$vpt. 2111
=945  \\$p22
=945  \\$aDigiMet
=945  \\$vpt. 2112
=945  \\$p30
=945  \\$aDigiMet
=945  \\$vpt. 2113
=945  \\$p28
=945  \\$aDigiMet
=945  \\$vpt. 2114
=945  \\$p26
=945  \\$aDigiMet
=945  \\$vpt. 2115
=945  \\$p30
=945  \\$aDigiMet
=945  \\$vpt. 2117
=945  \\$p38
=945  \\$aDigiMet
=945  \\$vpt. 2118
=945  \\$p48
=945  \\$aDigiMet
=945  \\$vpt. 2119
=945  \\$p28
=945  \\$aDigiMet
=945  \\$vpt. 212
=945  \\$p28
=945  \\$aDigiMet
=945  \\$vpt. 2120
=945  \\$p30
=945  \\$aDigiMet
=945  \\$vpt. 2121
=945  \\$p30
=945  \\$aDigiMet
=945  \\$vpt. 2122
=945  \\$p36
=945  \\$aDigiMet
=945  \\$vpt. 2123
=945  \\$p38
=945  \\$aDigiMet
=945  \\$vpt. 2124
=945  \\$p26
=945  \\$aDigiMet
=945  \\$vpt. 2125
=945  \\$p30
=945  \\$aDigiMet
=945  \\$vpt. 2126
=945  \\$p32
=945  \\$aDigiMet
=945  \\$vpt. 2127
=945  \\$p28
=945  \\$aDigiMet
=945  \\$vpt. 2128
=945  \\$p36
=945  \\$aDigiMet
=945  \\$vpt. 2129
=945  \\$p30
=945  \\$aDigiMet
=945  \\$vpt. 213
=945  \\$p40
=945  \\$aDigiMet
=945  \\$vpt. 2130
=945  \\$p32
=945  \\$aDigiMet
=945  \\$vpt. 2131
=945  \\$p24
=945  \\$aDigiMet
=945  \\$vpt. 2132
=945  \\$p28
=945  \\$aDigiMet
=945  \\$vpt. 2133
=945  \\$p40
=945  \\$aDigiMet
=945  \\$vpt. 2134
=945  \\$p28
=945  \\$aDigiMet
=945  \\$vpt. 2135
=945  \\$p28
=945  \\$aDigiMet
=945  \\$vpt. 2136
=945  \\$p32
=945  \\$aDigiMet
=945  \\$vpt. 2137
=945  \\$p28
=945  \\$aDigiMet
=945  \\$vpt. 2138
=945  \\$p32
=945  \\$aDigiMet
=945  \\$vpt. 2139
=945  \\$p24
=945  \\$aDigiMet
=945  \\$vpt. 214
=945  \\$p22
=945  \\$aDigiMet
=945  \\$vpt. 2140
=945  \\$p24
=945  \\$aDigiMet
=945  \\$vpt. 2141
=945  \\$p24
=945  \\$aDigiMet
=945  \\$vpt. 2142
=945  \\$p32
=945  \\$aDigiMet
=945  \\$vpt. 2143
=945  \\$p28
=945  \\$aDigiMet
=945  \\$vpt. 2144
=945  \\$p28
=945  \\$aDigiMet
=945  \\$vpt. 2145
=945  \\$p36
=945  \\$aDigiMet
=945  \\$vpt. 2146
=945  \\$p32
=945  \\$aDigiMet
=945  \\$vpt. 2147
=945  \\$p32
=945  \\$aDigiMet
=945  \\$vpt. 2148
=945  \\$p28
=945  \\$aDigiMet
=945  \\$vpt. 2149
=945  \\$p32
=945  \\$aDigiMet
=945  \\$vpt. 215
=945  \\$p58
=945  \\$aDigiMet
=945  \\$vpt. 2150
=945  \\$p40
=945  \\$aDigiMet
=945  \\$vpt. 2151
=945  \\$p26
=945  \\$aDigiMet
=945  \\$vpt. 2152
=945  \\$p28
=945  \\$aDigiMet
=945  \\$vpt. 2153
=945  \\$p22
=945  \\$aDigiMet
=945  \\$vpt. 2154
=945  \\$p26
=945  \\$aDigiMet
=945  \\$vpt. 2155
=945  \\$p28
=945  \\$aDigiMet
=945  \\$vpt. 2156
=945  \\$p20
=945  \\$aDigiMet
=945  \\$vpt. 2157
=945  \\$p20
=945  \\$aDigiMet
=945  \\$vpt. 2158
=945  \\$p32
=945  \\$aDigiMet
=945  \\$vpt. 2159
=945  \\$p26
=945  \\$aDigiMet
=945  \\$vpt. 216
=945  \\$p30
=945  \\$aDigiMet
=945  \\$vpt. 2160
=945  \\$p24
=945  \\$aDigiMet
=945  \\$vpt. 2161
=945  \\$p18
=945  \\$aDigiMet
=945  \\$vpt. 2162
=945  \\$p40
=945  \\$aDigiMet
=945  \\$vpt. 217
=945  \\$p44
=945  \\$aDigiMet
=945  \\$vpt. 218
=945  \\$p30
=945  \\$aDigiMet
=945  \\$vpt. 219
=945  \\$p40
=945  \\$aDigiMet
=945  \\$vpt. 220
=945  \\$p44
=945  \\$aDigiMet
=945  \\$vpt. 221
=945  \\$p58
=945  \\$aDigiMet
=945  \\$vpt. 222
=945  \\$p58
=945  \\$aDigiMet
=945  \\$vpt. 223
=945  \\$p42
=945  \\$aDigiMet
=945  \\$vpt. 224
=945  \\$p26
=945  \\$aDigiMet
=945  \\$vpt. 225
=945  \\$p44
=945  \\$aDigiMet
=945  \\$vpt. 226
=945  \\$p44
=945  \\$aDigiMet
=945  \\$vpt. 227
=945  \\$p20
=945  \\$aDigiMet
=945  \\$vpt. 228
=945  \\$p64
=945  \\$aDigiMet
=945  \\$vpt. 229
=945  \\$p46
=945  \\$aDigiMet
=945  \\$vpt. 230
=945  \\$p50
=945  \\$aDigiMet
=945  \\$vpt. 231
=945  \\$p44
=945  \\$aDigiMet
=945  \\$vpt. 232
=945  \\$p30
=945  \\$aDigiMet
=945  \\$vpt. 233
=945  \\$p40
=945  \\$aDigiMet
=945  \\$vpt. 234
=945  \\$p52
=945  \\$aDigiMet
=945  \\$vpt. 235
=945  \\$p42
=945  \\$aDigiMet
=945  \\$vpt. 236
=945  \\$p32
=945  \\$aDigiMet
=945  \\$vpt. 237
=945  \\$p42
=945  \\$aDigiMet
=945  \\$vpt. 238
=945  \\$p30
=945  \\$aDigiMet
=945  \\$vpt. 239
=945  \\$p24
=945  \\$aDigiMet
=945  \\$vpt. 240
=945  \\$p46
=945  \\$aDigiMet
=945  \\$vpt. 241
=945  \\$p30
=945  \\$aDigiMet
=945  \\$vpt. 242
=945  \\$p22
=945  \\$aDigiMet
=945  \\$vpt. 243
=945  \\$p50
=945  \\$aDigiMet
=945  \\$vpt. 244
=945  \\$p38
=945  \\$aDigiMet
=945  \\$vpt. 245
=945  \\$p38
=945  \\$aDigiMet
=945  \\$vpt. 246
=945  \\$p54
=945  \\$aDigiMet
=945  \\$vpt. 247
=945  \\$p58
=945  \\$aDigiMet
=945  \\$vpt. 248
=945  \\$p46
=945  \\$aDigiMet
=945  \\$vpt. 249
=945  \\$p20
=945  \\$aDigiMet
=945  \\$vpt. 250
=945  \\$p26
=945  \\$aDigiMet
=945  \\$vpt. 251
=945  \\$p48
=945  \\$aDigiMet
=945  \\$vpt. 252
=945  \\$p38
=945  \\$aDigiMet
=945  \\$vpt. 253
=945  \\$p50
=945  \\$aDigiMet
=945  \\$vpt. 254
=945  \\$p30
=945  \\$aDigiMet
=945  \\$vpt. 255
=945  \\$p32
=945  \\$aDigiMet
=945  \\$vpt. 256
=945  \\$p42
=945  \\$aDigiMet
=945  \\$vpt. 257
=945  \\$p48
=945  \\$aDigiMet
=945  \\$vpt. 258
=945  \\$p22
=945  \\$aDigiMet
=945  \\$vpt. 259
=945  \\$p60
=945  \\$aDigiMet
=945  \\$vpt. 260
=945  \\$p28
=945  \\$aDigiMet
=945  \\$vpt. 261
=945  \\$p38
=945  \\$aDigiMet
=945  \\$vpt. 262
=945  \\$p26
=945  \\$aDigiMet
=945  \\$vpt. 263
=945  \\$p32
=945  \\$aDigiMet
=945  \\$vpt. 264
=945  \\$p52
=945  \\$aDigiMet
=945  \\$vpt. 265
=945  \\$p46
=945  \\$aDigiMet
=945  \\$vpt. 266
=945  \\$p32
=945  \\$aDigiMet
=945  \\$vpt. 267
=945  \\$p44
=945  \\$aDigiMet
=945  \\$vpt. 268
=945  \\$p44
=945  \\$aDigiMet
=945  \\$vpt. 269
=945  \\$p32
=945  \\$aDigiMet
=945  \\$vpt. 270
=945  \\$p42
=945  \\$aDigiMet
=945  \\$vpt. 271
=945  \\$p42
=945  \\$aDigiMet
=945  \\$vpt. 272
=945  \\$p30
=945  \\$aDigiMet
=945  \\$vpt. 273
=945  \\$p44
=945  \\$aDigiMet
=945  \\$vpt. 274
=945  \\$p36
=945  \\$aDigiMet
=945  \\$vpt. 275
=945  \\$p28
=945  \\$aDigiMet
=945  \\$vpt. 276
=945  \\$p48
=945  \\$aDigiMet
=945  \\$vpt. 277
=945  \\$p26
=945  \\$aDigiMet
=945  \\$vpt. 278
=945  \\$p46
=945  \\$aDigiMet
=945  \\$vpt. 279
=945  \\$p74
=945  \\$aDigiMet
=945  \\$vpt. 280
=945  \\$p42
=945  \\$aDigiMet
=945  \\$vpt. 281
=945  \\$p28
=945  \\$aDigiMet
=945  \\$vpt. 282
=945  \\$p46
=945  \\$aDigiMet
=945  \\$vpt. 283
=945  \\$p36
=945  \\$aDigiMet
=945  \\$vpt. 284
=945  \\$p44
=945  \\$aDigiMet
=945  \\$vpt. 285
=945  \\$p34
=945  \\$aDigiMet
=945  \\$vpt. 286
=945  \\$p24
=945  \\$aDigiMet
=945  \\$vpt. 287
=945  \\$p38
=945  \\$aDigiMet
=945  \\$vpt. 288
=945  \\$p42
=945  \\$aDigiMet
=945  \\$vpt. 289
=945  \\$p60
=945  \\$aDigiMet
=945  \\$vpt. 290
=945  \\$p32
=945  \\$aDigiMet
=945  \\$vpt. 291
=945  \\$p36
=945  \\$aDigiMet
=945  \\$vpt. 292
=945  \\$p34
=945  \\$aDigiMet
=945  \\$vpt. 293
=945  \\$p56
=945  \\$aDigiMet
=945  \\$vpt. 294
=945  \\$p32
=945  \\$aDigiMet
=945  \\$vpt. 295
=945  \\$p38
=945  \\$aDigiMet
=945  \\$vpt. 296
=945  \\$p40
=945  \\$aDigiMet
=945  \\$vpt. 297
=945  \\$p24
=945  \\$aDigiMet
=945  \\$vpt. 298
=945  \\$p52
=945  \\$aDigiMet
=945  \\$vpt. 299
=945  \\$p46
=945  \\$aDigiMet
=945  \\$vpt. 300
=945  \\$p48
=945  \\$aDigiMet
=945  \\$vpt. 301
=945  \\$p46
=945  \\$aDigiMet
=945  \\$vpt. 302
=945  \\$p52
=945  \\$aDigiMet
=945  \\$vpt. 303
=945  \\$p34
=945  \\$aDigiMet
=945  \\$vpt. 304
=945  \\$p38
=945  \\$aDigiMet
=945  \\$vpt. 305
=945  \\$p30
=945  \\$aDigiMet
=945  \\$vpt. 306
=945  \\$p30
=945  \\$aDigiMet
=945  \\$vpt. 307
=945  \\$p32
=945  \\$aDigiMet
=945  \\$vpt. 308
=945  \\$p26
=945  \\$aDigiMet
=945  \\$vpt. 309
=945  \\$p46
=945  \\$aDigiMet
=945  \\$vpt. 310
=945  \\$p42
=945  \\$aDigiMet
=945  \\$vpt. 311
=945  \\$p28
=945  \\$aDigiMet
=945  \\$vpt. 312
=945  \\$p66
=945  \\$aDigiMet
=945  \\$vpt. 313
=945  \\$p44
=945  \\$aDigiMet
=945  \\$vpt. 314
=945  \\$p30
=945  \\$aDigiMet
=945  \\$vpt. 315
=945  \\$p26
=945  \\$aDigiMet
=945  \\$vpt. 316
=945  \\$p28
=945  \\$aDigiMet
=945  \\$vpt. 317
=945  \\$p44
=945  \\$aDigiMet
=945  \\$vpt. 318
=945  \\$p30
=945  \\$aDigiMet
=945  \\$vpt. 319
=945  \\$p38
=945  \\$aDigiMet
=945  \\$vpt. 320
=945  \\$p30
=945  \\$aDigiMet
=945  \\$vpt. 321
=945  \\$p32
=945  \\$aDigiMet
=945  \\$vpt. 322
=945  \\$p44
=945  \\$aDigiMet
=945  \\$vpt. 323
=945  \\$p48
=945  \\$aDigiMet
=945  \\$vpt. 324
=945  \\$p36
=945  \\$aDigiMet
=945  \\$vpt. 325
=945  \\$p60
=945  \\$aDigiMet
=945  \\$vpt. 326
=945  \\$p44
=945  \\$aDigiMet
=945  \\$vpt. 327
=945  \\$p30
=945  \\$aDigiMet
=945  \\$vpt. 328
=945  \\$p52
=945  \\$aDigiMet
=945  \\$vpt. 329
=945  \\$p66
=945  \\$aDigiMet
=945  \\$vpt. 330
=945  \\$p42
=945  \\$aDigiMet
=945  \\$vpt. 331
=945  \\$p32
=945  \\$aDigiMet
=945  \\$vpt. 332
=945  \\$p60
=945  \\$aDigiMet
=945  \\$vpt. 333
=945  \\$p58
=945  \\$aDigiMet
=945  \\$vpt. 334
=945  \\$p36
=945  \\$aDigiMet
=945  \\$vpt. 335
=945  \\$p62
=945  \\$aDigiMet
=945  \\$vpt. 336
=945  \\$p36
=945  \\$aDigiMet
=945  \\$vpt. 337
=945  \\$p30
=945  \\$aDigiMet
=945  \\$vpt. 338
=945  \\$p52
=945  \\$aDigiMet
=945  \\$vpt. 339
=945  \\$p50
=945  \\$aDigiMet
=945  \\$vpt. 340
=945  \\$p26
=945  \\$aDigiMet
=945  \\$vpt. 341
=945  \\$p60
=945  \\$aDigiMet
=945  \\$vpt. 342
=945  \\$p34
=945  \\$aDigiMet
=945  \\$vpt. 343
=945  \\$p44
=945  \\$aDigiMet
=945  \\$vpt. 344
=945  \\$p60
=945  \\$aDigiMet
=945  \\$vpt. 345
=945  \\$p26
=945  \\$aDigiMet
=945  \\$vpt. 346
=945  \\$p32
=945  \\$aDigiMet
=945  \\$vpt. 347
=945  \\$p78
=945  \\$aDigiMet
=945  \\$vpt. 348
=945  \\$p48
=945  \\$aDigiMet
=945  \\$vpt. 349
=945  \\$p34
=945  \\$aDigiMet
=945  \\$vpt. 350
=945  \\$p32
=945  \\$aDigiMet
=945  \\$vpt. 351
=945  \\$p48
=945  \\$aDigiMet
=945  \\$vpt. 352
=945  \\$p50
=945  \\$aDigiMet
=945  \\$vpt. 353
=945  \\$p68
=945  \\$aDigiMet
=945  \\$vpt. 354
=945  \\$p30
=945  \\$aDigiMet
=945  \\$vpt. 355
=945  \\$p38
=945  \\$aDigiMet
=945  \\$vpt. 356
=945  \\$p48
=945  \\$aDigiMet
=945  \\$vpt. 357
=945  \\$p36
=945  \\$aDigiMet
=945  \\$vpt. 358
=945  \\$p30
=945  \\$aDigiMet
=945  \\$vpt. 359
=945  \\$p30
=945  \\$aDigiMet
=945  \\$vpt. 360
=945  \\$p34
=945  \\$aDigiMet
=945  \\$vpt. 361
=945  \\$p48
=945  \\$aDigiMet
=945  \\$vpt. 362
=945  \\$p42
=945  \\$aDigiMet
=945  \\$vpt. 363
=945  \\$p38
=945  \\$aDigiMet
=945  \\$vpt. 364
=945  \\$p26
=945  \\$aDigiMet
=945  \\$vpt. 365
=945  \\$p44
=945  \\$aDigiMet
=945  \\$vpt. 366
=945  \\$p40
=945  \\$aDigiMet
=945  \\$vpt. 367
=945  \\$p24
=945  \\$aDigiMet
=945  \\$vpt. 368
=945  \\$p28
=945  \\$aDigiMet
=945  \\$vpt. 369
=945  \\$p34
=945  \\$aDigiMet
=945  \\$vpt. 370
=945  \\$p52
=945  \\$aDigiMet
=945  \\$vpt. 371
=945  \\$p54
=945  \\$aDigiMet
=945  \\$vpt. 372
=945  \\$p40
=945  \\$aDigiMet
=945  \\$vpt. 373
=945  \\$p32
=945  \\$aDigiMet
=945  \\$vpt. 374
=945  \\$p54
=945  \\$aDigiMet
=945  \\$vpt. 375
=945  \\$p40
=945  \\$aDigiMet
=945  \\$vpt. 376
=945  \\$p50
=945  \\$aDigiMet
=945  \\$vpt. 377
=945  \\$p30
=945  \\$aDigiMet
=945  \\$vpt. 378
=945  \\$p56
=945  \\$aDigiMet
=945  \\$vpt. 379
=945  \\$p42
=945  \\$aDigiMet
=945  \\$vpt. 380
=945  \\$p34
=945  \\$aDigiMet
=945  \\$vpt. 381
=945  \\$p28
=945  \\$aDigiMet
=945  \\$vpt. 382
=945  \\$p42
=945  \\$aDigiMet
=945  \\$vpt. 383
=945  \\$p40
=945  \\$aDigiMet
=945  \\$vpt. 384
=945  \\$p40
=945  \\$aDigiMet
=945  \\$vpt. 385
=945  \\$p70
=945  \\$aDigiMet
=945  \\$vpt. 386
=945  \\$p58
=945  \\$aDigiMet
=945  \\$vpt. 387
=945  \\$p48
=945  \\$aDigiMet
=945  \\$vpt. 388
=945  \\$p32
=945  \\$aDigiMet
=945  \\$vpt. 389
=945  \\$p40
=945  \\$aDigiMet
=945  \\$vpt. 390
=945  \\$p34
=945  \\$aDigiMet
=945  \\$vpt. 391
=945  \\$p58
=945  \\$aDigiMet
=945  \\$vpt. 392
=945  \\$p62
=945  \\$aDigiMet
=945  \\$vpt. 393
=945  \\$p42
=945  \\$aDigiMet
=945  \\$vpt. 394
=945  \\$p34
=945  \\$aDigiMet
=945  \\$vpt. 395
=945  \\$p70
=945  \\$aDigiMet
=945  \\$vpt. 396
=945  \\$p38
=945  \\$aDigiMet
=945  \\$vpt. 397
=945  \\$p54
=945  \\$aDigiMet
=945  \\$vpt. 398
=945  \\$p30
=945  \\$aDigiMet
=945  \\$vpt. 399
=945  \\$p66
=945  \\$aDigiMet
=945  \\$vpt. 400
=945  \\$p56
=945  \\$aDigiMet
=945  \\$vpt. 401
=945  \\$p28
=945  \\$aDigiMet
=945  \\$vpt. 402
=945  \\$p48
=945  \\$aDigiMet
=945  \\$vpt. 403
=945  \\$p30
=945  \\$aDigiMet
=945  \\$vpt. 404
=945  \\$p50
=945  \\$aDigiMet
=945  \\$vpt. 405
=945  \\$p48
=945  \\$aDigiMet
=945  \\$vpt. 406
=945  \\$p48
=945  \\$aDigiMet
=945  \\$vpt. 407
=945  \\$p32
=945  \\$aDigiMet
=945  \\$vpt. 408
=945  \\$p42
=945  \\$aDigiMet
=945  \\$vpt. 409
=945  \\$p50
=945  \\$aDigiMet
=945  \\$vpt. 410
=945  \\$p46
=945  \\$aDigiMet
=945  \\$vpt. 411
=945  \\$p46
=945  \\$aDigiMet
=945  \\$vpt. 412
=945  \\$p44
=945  \\$aDigiMet
=945  \\$vpt. 413
=945  \\$p38
=945  \\$aDigiMet
=945  \\$vpt. 414
=945  \\$p50
=945  \\$aDigiMet
=945  \\$vpt. 415
=945  \\$p48
=945  \\$aDigiMet
=945  \\$vpt. 416
=945  \\$p42
=945  \\$aDigiMet
=945  \\$vpt. 417
=945  \\$p46
=945  \\$aDigiMet
=945  \\$vpt. 418
=945  \\$p30
=945  \\$aDigiMet
=945  \\$vpt. 419
=945  \\$p26
=945  \\$aDigiMet
=945  \\$vpt. 420
=945  \\$p38
=945  \\$aDigiMet
=945  \\$vpt. 421
=945  \\$p42
=945  \\$aDigiMet
=945  \\$vpt. 422
=945  \\$p22
=945  \\$aDigiMet
=945  \\$vpt. 423
=945  \\$p24
=945  \\$aDigiMet
=945  \\$vpt. 424
=945  \\$p34
=945  \\$aDigiMet
=945  \\$vpt. 425
=945  \\$p52
=945  \\$aDigiMet
=945  \\$vpt. 426
=945  \\$p36
=945  \\$aDigiMet
=945  \\$vpt. 427
=945  \\$p34
=945  \\$aDigiMet
=945  \\$vpt. 428
=945  \\$p34
=945  \\$aDigiMet
=945  \\$vpt. 429
=945  \\$p52
=945  \\$aDigiMet
=945  \\$vpt. 430
=945  \\$p52
=945  \\$aDigiMet
=945  \\$vpt. 431
=945  \\$p52
=945  \\$aDigiMet
=945  \\$vpt. 432
=945  \\$p52
=945  \\$aDigiMet
=945  \\$vpt. 433
=945  \\$p52
=945  \\$aDigiMet
=945  \\$vpt. 434
=945  \\$p44
=945  \\$aDigiMet
=945  \\$vpt. 435
=945  \\$p52
=945  \\$aDigiMet
=945  \\$vpt. 436
=945  \\$p32
=945  \\$aDigiMet
=945  \\$vpt. 437
=945  \\$p34
=945  \\$aDigiMet
=945  \\$vpt. 438
=945  \\$p36
=945  \\$aDigiMet
=945  \\$vpt. 439
=945  \\$p32
=945  \\$aDigiMet
=945  \\$vpt. 440
=945  \\$p48
=945  \\$aDigiMet
=945  \\$vpt. 441
=945  \\$p34
=945  \\$aDigiMet
=945  \\$vpt. 442
=945  \\$p38
=945  \\$aDigiMet
=945  \\$vpt. 443
=945  \\$p36
=945  \\$aDigiMet
=945  \\$vpt. 444
=945  \\$p34
=945  \\$aDigiMet
=945  \\$vpt. 445
=945  \\$p52
=945  \\$aDigiMet
=945  \\$vpt. 446
=945  \\$p52
=945  \\$aDigiMet
=945  \\$vpt. 447
=945  \\$p38
=945  \\$aDigiMet
=945  \\$vpt. 448
=945  \\$p38
=945  \\$aDigiMet
=945  \\$vpt. 449
=945  \\$p54
=945  \\$aDigiMet
=945  \\$vpt. 450
=945  \\$p32
=945  \\$aDigiMet
=945  \\$vpt. 451
=945  \\$p48
=945  \\$aDigiMet
=945  \\$vpt. 452
=945  \\$p38
=945  \\$aDigiMet
=945  \\$vpt. 453
=945  \\$p54
=945  \\$aDigiMet
=945  \\$vpt. 454
=945  \\$p44
=945  \\$aDigiMet
=945  \\$vpt. 455
=945  \\$p44
=945  \\$aDigiMet
=945  \\$vpt. 456
=945  \\$p30
=945  \\$aDigiMet
=945  \\$vpt. 457
=945  \\$p30
=945  \\$aDigiMet
=945  \\$vpt. 458
=945  \\$p54
=945  \\$aDigiMet
=945  \\$vpt. 459
=945  \\$p40
=945  \\$aDigiMet
=945  \\$vpt. 460
=945  \\$p46
=945  \\$aDigiMet
=945  \\$vpt. 461
=945  \\$p46
=945  \\$aDigiMet
=945  \\$vpt. 462
=945  \\$p50
=945  \\$aDigiMet
=945  \\$vpt. 463
=945  \\$p50
=945  \\$aDigiMet
=945  \\$vpt. 464
=945  \\$p46
=945  \\$aDigiMet
=945  \\$vpt. 465
=945  \\$p32
=945  \\$aDigiMet
=945  \\$vpt. 466
=945  \\$p32
=945  \\$aDigiMet
=945  \\$vpt. 467
=945  \\$p38
=945  \\$aDigiMet
=945  \\$vpt. 468
=945  \\$p44
=945  \\$aDigiMet
=945  \\$vpt. 469
=945  \\$p28
=945  \\$aDigiMet
=945  \\$vpt. 470
=945  \\$p30
=945  \\$aDigiMet
=945  \\$vpt. 471
=945  \\$p44
=945  \\$aDigiMet
=945  \\$vpt. 472
=945  \\$p78
=945  \\$aDigiMet
=945  \\$vpt. 473
=945  \\$p30
=945  \\$aDigiMet
=945  \\$vpt. 474
=945  \\$p44
=945  \\$aDigiMet
=945  \\$vpt. 475
=945  \\$p28
=945  \\$aDigiMet
=945  \\$vpt. 476
=945  \\$p34
=945  \\$aDigiMet
=945  \\$vpt. 477
=945  \\$p30
=945  \\$aDigiMet
=945  \\$vpt. 478
=945  \\$p46
=945  \\$aDigiMet
=945  \\$vpt. 479
=945  \\$p38
=945  \\$aDigiMet
=945  \\$vpt. 480
=945  \\$p32
=945  \\$aDigiMet
=945  \\$vpt. 481
=945  \\$p32
=945  \\$aDigiMet
=945  \\$vpt. 482
=945  \\$p42
=945  \\$aDigiMet
=945  \\$vpt. 483
=945  \\$p42
=945  \\$aDigiMet
=945  \\$vpt. 484
=945  \\$p54
=945  \\$aDigiMet
=945  \\$vpt. 485
=945  \\$p54
=945  \\$aDigiMet
=945  \\$vpt. 486
=945  \\$p44
=945  \\$aDigiMet
=945  \\$vpt. 487
=945  \\$p46
=945  \\$aDigiMet
=945  \\$vpt. 488
=945  \\$p54
=945  \\$aDigiMet
=945  \\$vpt. 489
=945  \\$p54
=945  \\$aDigiMet
=945  \\$vpt. 490
=945  \\$p36
=945  \\$aDigiMet
=945  \\$vpt. 491
=945  \\$p38
=945  \\$aDigiMet
=945  \\$vpt. 492
=945  \\$p54
=945  \\$aDigiMet
=945  \\$vpt. 493
=945  \\$p52
=945  \\$aDigiMet
=945  \\$vpt. 494
=945  \\$p44
=945  \\$aDigiMet
=945  \\$vpt. 495
=945  \\$p40
=945  \\$aDigiMet
=945  \\$vpt. 496
=945  \\$p34
=945  \\$aDigiMet
=945  \\$vpt. 497
=945  \\$p54
=945  \\$aDigiMet
=945  \\$vpt. 498
=945  \\$p46
=945  \\$aDigiMet
=945  \\$vpt. 499
=945  \\$p80
=945  \\$aDigiMet
=945  \\$vpt. 500
=945  \\$p44
=945  \\$aDigiMet
=945  \\$vpt. 501
=945  \\$p38
=945  \\$aDigiMet
=945  \\$vpt. 502
=945  \\$p42
=945  \\$aDigiMet
=945  \\$vpt. 503
=945  \\$p38
=945  \\$aDigiMet
=945  \\$vpt. 504
=945  \\$p52
=945  \\$aDigiMet
=945  \\$vpt. 505
=945  \\$p54
=945  \\$aDigiMet
=945  \\$vpt. 506
=945  \\$p54
=945  \\$aDigiMet
=945  \\$vpt. 507
=945  \\$p52
=945  \\$aDigiMet
=945  \\$vpt. 508
=945  \\$p44
=945  \\$aDigiMet
=945  \\$vpt. 509
=945  \\$p48
=945  \\$aDigiMet
=945  \\$vpt. 510
=945  \\$p56
=945  \\$aDigiMet
=945  \\$vpt. 511
=945  \\$p54
=945  \\$aDigiMet
=945  \\$vpt. 512
=945  \\$p46
=945  \\$aDigiMet
=945  \\$vpt. 513
=945  \\$p40
=945  \\$aDigiMet
=945  \\$vpt. 514
=945  \\$p44
=945  \\$aDigiMet
=945  \\$vpt. 515
=945  \\$p54
=945  \\$aDigiMet
=945  \\$vpt. 516
=945  \\$p50
=945  \\$aDigiMet
=945  \\$vpt. 517
=945  \\$p48
=945  \\$aDigiMet
=945  \\$vpt. 518
=945  \\$p54
=945  \\$aDigiMet
=945  \\$vpt. 519
=945  \\$p54
=945  \\$aDigiMet
=945  \\$vpt. 520
=945  \\$p46
=945  \\$aDigiMet
=945  \\$vpt. 521
=945  \\$p40
=945  \\$aDigiMet
=945  \\$vpt. 522
=945  \\$p52
=945  \\$aDigiMet
=945  \\$vpt. 523
=945  \\$p46
=945  \\$aDigiMet
=945  \\$vpt. 524
=945  \\$p54
=945  \\$aDigiMet
=945  \\$vpt. 525
=945  \\$p44
=945  \\$aDigiMet
=945  \\$vpt. 526
=945  \\$p104
=945  \\$aDigiMet
=945  \\$vpt. 527
=945  \\$p48
=945  \\$aDigiMet
=945  \\$vpt. 528
=945  \\$p44
=945  \\$aDigiMet
=945  \\$vpt. 529
=945  \\$p40
=945  \\$aDigiMet
=945  \\$vpt. 530
=945  \\$p48
=945  \\$aDigiMet
=945  \\$vpt. 531
=945  \\$p38
=945  \\$aDigiMet
=945  \\$vpt. 532
=945  \\$p42
=945  \\$aDigiMet
=945  \\$vpt. 533
=945  \\$p42
=945  \\$aDigiMet
=945  \\$vpt. 534
=945  \\$p46
=945  \\$aDigiMet
=945  \\$vpt. 535
=945  \\$p36
=945  \\$aDigiMet
=945  \\$vpt. 536
=945  \\$p48
=945  \\$aDigiMet
=945  \\$vpt. 537
=945  \\$p42
=945  \\$aDigiMet
=945  \\$vpt. 538
=945  \\$p42
=945  \\$aDigiMet
=945  \\$vpt. 539
=945  \\$p38
=945  \\$aDigiMet
=945  \\$vpt. 540
=945  \\$p44
=945  \\$aDigiMet
=945  \\$vpt. 541
=945  \\$p46
=945  \\$aDigiMet
=945  \\$vpt. 542
=945  \\$p52
=945  \\$aDigiMet
=945  \\$vpt. 543
=945  \\$p50
=945  \\$aDigiMet
=945  \\$vpt. 544
=945  \\$p50
=945  \\$aDigiMet
=945  \\$vpt. 545
=945  \\$p42
=945  \\$aDigiMet
=945  \\$vpt. 546
=945  \\$p52
=945  \\$aDigiMet
=945  \\$vpt. 547
=945  \\$p52
=945  \\$aDigiMet
=945  \\$vpt. 548
=945  \\$p52
=945  \\$aDigiMet
=945  \\$vpt. 549
=945  \\$p42
=945  \\$aDigiMet
=945  \\$vpt. 550
=945  \\$p34
=945  \\$aDigiMet
=945  \\$vpt. 551
=945  \\$p32
=945  \\$aDigiMet
=945  \\$vpt. 552
=945  \\$p42
=945  \\$aDigiMet
=945  \\$vpt. 553
=945  \\$p92
=945  \\$aDigiMet
=945  \\$vpt. 554
=945  \\$p40
=945  \\$aDigiMet
=945  \\$vpt. 555
=945  \\$p36
=945  \\$aDigiMet
=945  \\$vpt. 556
=945  \\$p38
=945  \\$aDigiMet
=945  \\$vpt. 557
=945  \\$p48
=945  \\$aDigiMet
=945  \\$vpt. 558
=945  \\$p48
=945  \\$aDigiMet
=945  \\$vpt. 559
=945  \\$p42
=945  \\$aDigiMet
=945  \\$vpt. 560
=945  \\$p38
=945  \\$aDigiMet
=945  \\$vpt. 561
=945  \\$p50
=945  \\$aDigiMet
=945  \\$vpt. 562
=945  \\$p32
=945  \\$aDigiMet
=945  \\$vpt. 563
=945  \\$p36
=945  \\$aDigiMet
=945  \\$vpt. 564
=945  \\$p26
=945  \\$aDigiMet
=945  \\$vpt. 565
=945  \\$p46
=945  \\$aDigiMet
=945  \\$vpt. 566
=945  \\$p52
=945  \\$aDigiMet
=945  \\$vpt. 567
=945  \\$p42
=945  \\$aDigiMet
=945  \\$vpt. 568
=945  \\$p38
=945  \\$aDigiMet
=945  \\$vpt. 569
=945  \\$p38
=945  \\$aDigiMet
=945  \\$vpt. 570
=945  \\$p48
=945  \\$aDigiMet
=945  \\$vpt. 571
=945  \\$p48
=945  \\$aDigiMet
=945  \\$vpt. 572
=945  \\$p40
=945  \\$aDigiMet
=945  \\$vpt. 573
=945  \\$p26
=945  \\$aDigiMet
=945  \\$vpt. 574
=945  \\$p34
=945  \\$aDigiMet
=945  \\$vpt. 575
=945  \\$p32
=945  \\$aDigiMet
=945  \\$vpt. 576
=945  \\$p24
=945  \\$aDigiMet
=945  \\$vpt. 577
=945  \\$p34
=945  \\$aDigiMet
=945  \\$vpt. 578
=945  \\$p28
=945  \\$aDigiMet
=945  \\$vpt. 579
=945  \\$p20
=945  \\$aDigiMet
=945  \\$vpt. 580
=945  \\$p86
=945  \\$aDigiMet
=945  \\$vpt. 581
=945  \\$p22
=945  \\$aDigiMet
=945  \\$vpt. 582
=945  \\$p30
=945  \\$aDigiMet
=945  \\$vpt. 583
=945  \\$p30
=945  \\$aDigiMet
=945  \\$vpt. 584
=945  \\$p54
=945  \\$aDigiMet
=945  \\$vpt. 585
=945  \\$p26
=945  \\$aDigiMet
=945  \\$vpt. 586
=945  \\$p42
=945  \\$aDigiMet
=945  \\$vpt. 587
=945  \\$p28
=945  \\$aDigiMet
=945  \\$vpt. 588
=945  \\$p52
=945  \\$aDigiMet
=945  \\$vpt. 589
=945  \\$p28
=945  \\$aDigiMet
=945  \\$vpt. 590
=945  \\$p28
=945  \\$aDigiMet
=945  \\$vpt. 591
=945  \\$p28
=945  \\$aDigiMet
=945  \\$vpt. 592
=945  \\$p28
=945  \\$aDigiMet
=945  \\$vpt. 593
=945  \\$p54
=945  \\$aDigiMet
=945  \\$vpt. 594
=945  \\$p34
=945  \\$aDigiMet
=945  \\$vpt. 595
=945  \\$p22
=945  \\$aDigiMet
=945  \\$vpt. 596
=945  \\$p26
=945  \\$aDigiMet
=945  \\$vpt. 597
=945  \\$p34
=945  \\$aDigiMet
=945  \\$vpt. 598
=945  \\$p34
=945  \\$aDigiMet
=945  \\$vpt. 599
=945  \\$p22
=945  \\$aDigiMet
=945  \\$vpt. 600
=945  \\$p54
=945  \\$aDigiMet
=945  \\$vpt. 601
=945  \\$p50
=945  \\$aDigiMet
=945  \\$vpt. 602
=945  \\$p32
=945  \\$aDigiMet
=945  \\$vpt. 603
=945  \\$p42
=945  \\$aDigiMet
=945  \\$vpt. 604
=945  \\$p26
=945  \\$aDigiMet
=945  \\$vpt. 605
=945  \\$p52
=945  \\$aDigiMet
=945  \\$vpt. 606
=945  \\$p26
=945  \\$aDigiMet
=945  \\$vpt. 607
=945  \\$p74
=945  \\$aDigiMet
=945  \\$vpt. 608
=945  \\$p28
=945  \\$aDigiMet
=945  \\$vpt. 609
=945  \\$p18
=945  \\$aDigiMet
=945  \\$vpt. 610
=945  \\$p30
=945  \\$aDigiMet
=945  \\$vpt. 611
=945  \\$p36
=945  \\$aDigiMet
=945  \\$vpt. 612
=945  \\$p28
=945  \\$aDigiMet
=945  \\$vpt. 613
=945  \\$p30
=945  \\$aDigiMet
=945  \\$vpt. 614
=945  \\$p44
=945  \\$aDigiMet
=945  \\$vpt. 615
=945  \\$p28
=945  \\$aDigiMet
=945  \\$vpt. 616
=945  \\$p32
=945  \\$aDigiMet
=945  \\$vpt. 617
=945  \\$p32
=945  \\$aDigiMet
=945  \\$vpt. 618
=945  \\$p24
=945  \\$aDigiMet
=945  \\$vpt. 619
=945  \\$p28
=945  \\$aDigiMet
=945  \\$vpt. 620
=945  \\$p40
=945  \\$aDigiMet
=945  \\$vpt. 621
=945  \\$p52
=945  \\$aDigiMet
=945  \\$vpt. 622
=945  \\$p46
=945  \\$aDigiMet
=945  \\$vpt. 623
=945  \\$p30
=945  \\$aDigiMet
=945  \\$vpt. 624
=945  \\$p44
=945  \\$aDigiMet
=945  \\$vpt. 625
=945  \\$p46
=945  \\$aDigiMet
=945  \\$vpt. 626
=945  \\$p38
=945  \\$aDigiMet
=945  \\$vpt. 627
=945  \\$p26
=945  \\$aDigiMet
=945  \\$vpt. 628
=945  \\$p28
=945  \\$aDigiMet
=945  \\$vpt. 629
=945  \\$p26
=945  \\$aDigiMet
=945  \\$vpt. 630
=945  \\$p36
=945  \\$aDigiMet
=945  \\$vpt. 631
=945  \\$p26
=945  \\$aDigiMet
=945  \\$vpt. 632
=945  \\$p26
=945  \\$aDigiMet
=945  \\$vpt. 633
=945  \\$p24
=945  \\$aDigiMet
=945  \\$vpt. 634
=945  \\$p66
=945  \\$aDigiMet
=945  \\$vpt. 635
=945  \\$p20
=945  \\$aDigiMet
=945  \\$vpt. 636
=945  \\$p30
=945  \\$aDigiMet
=945  \\$vpt. 637
=945  \\$p28
=945  \\$aDigiMet
=945  \\$vpt. 638
=945  \\$p28
=945  \\$aDigiMet
=945  \\$vpt. 639
=945  \\$p28
=945  \\$aDigiMet
=945  \\$vpt. 640
=945  \\$p26
=945  \\$aDigiMet
=945  \\$vpt. 641
=945  \\$p26
=945  \\$aDigiMet
=945  \\$vpt. 642
=945  \\$p54
=945  \\$aDigiMet
=945  \\$vpt. 643
=945  \\$p36
=945  \\$aDigiMet
=945  \\$vpt. 644
=945  \\$p44
=945  \\$aDigiMet
=945  \\$vpt. 645
=945  \\$p38
=945  \\$aDigiMet
=945  \\$vpt. 646
=945  \\$p28
=945  \\$aDigiMet
=945  \\$vpt. 647
=945  \\$p26
=945  \\$aDigiMet
=945  \\$vpt. 648
=945  \\$p36
=945  \\$aDigiMet
=945  \\$vpt. 649
=945  \\$p22
=945  \\$aDigiMet
=945  \\$vpt. 650
=945  \\$p32
=945  \\$aDigiMet
=945  \\$vpt. 651
=945  \\$p28
=945  \\$aDigiMet
=945  \\$vpt. 652
=945  \\$p26
=945  \\$aDigiMet
=945  \\$vpt. 653
=945  \\$p28
=945  \\$aDigiMet
=945  \\$vpt. 654
=945  \\$p26
=945  \\$aDigiMet
=945  \\$vpt. 655
=945  \\$p64
=945  \\$aDigiMet
=945  \\$vpt. 656
=945  \\$p30
=945  \\$aDigiMet
=945  \\$vpt. 657
=945  \\$p30
=945  \\$aDigiMet
=945  \\$vpt. 658
=945  \\$p30
=945  \\$aDigiMet
=945  \\$vpt. 659
=945  \\$p28
=945  \\$aDigiMet
=945  \\$vpt. 660
=945  \\$p66
=945  \\$aDigiMet
=945  \\$vpt. 661
=945  \\$p68
=945  \\$aDigiMet
=945  \\$vpt. 662
=945  \\$p40
=945  \\$aDigiMet
=945  \\$vpt. 663
=945  \\$p18
=945  \\$aDigiMet
=945  \\$vpt. 664
=945  \\$p24
=945  \\$aDigiMet
=945  \\$vpt. 665
=945  \\$p26
=945  \\$aDigiMet
=945  \\$vpt. 666
=945  \\$p48
=945  \\$aDigiMet
=945  \\$vpt. 667
=945  \\$p32
=945  \\$aDigiMet
=945  \\$vpt. 668
=945  \\$p56
=945  \\$aDigiMet
=945  \\$vpt. 669
=945  \\$p26
=945  \\$aDigiMet
=945  \\$vpt. 670
=945  \\$p32
=945  \\$aDigiMet
=945  \\$vpt. 671
=945  \\$p28
=945  \\$aDigiMet
=945  \\$vpt. 672
=945  \\$p18
=945  \\$aDigiMet
=945  \\$vpt. 673
=945  \\$p26
=945  \\$aDigiMet
=945  \\$vpt. 674
=945  \\$p28
=945  \\$aDigiMet
=945  \\$vpt. 675
=945  \\$p20
=945  \\$aDigiMet
=945  \\$vpt. 676
=945  \\$p32
=945  \\$aDigiMet
=945  \\$vpt. 677
=945  \\$p26
=945  \\$aDigiMet
=945  \\$vpt. 678
=945  \\$p32
=945  \\$aDigiMet
=945  \\$vpt. 679
=945  \\$p26
=945  \\$aDigiMet
=945  \\$vpt. 680
=945  \\$p44
=945  \\$aDigiMet
=945  \\$vpt. 681
=945  \\$p20
=945  \\$aDigiMet
=945  \\$vpt. 682
=945  \\$p42
=945  \\$aDigiMet
=945  \\$vpt. 683
=945  \\$p28
=945  \\$aDigiMet
=945  \\$vpt. 684
=945  \\$p36
=945  \\$aDigiMet
=945  \\$vpt. 685
=945  \\$p26
=945  \\$aDigiMet
=945  \\$vpt. 686
=945  \\$p34
=945  \\$aDigiMet
=945  \\$vpt. 687
=945  \\$p22
=945  \\$aDigiMet
=945  \\$vpt. 688
=945  \\$p76
=945  \\$aDigiMet
=945  \\$vpt. 689
=945  \\$p28
=945  \\$aDigiMet
=945  \\$vpt. 690
=945  \\$p28
=945  \\$aDigiMet
=945  \\$vpt. 691
=945  \\$p22
=945  \\$aDigiMet
=945  \\$vpt. 692
=945  \\$p26
=945  \\$aDigiMet
=945  \\$vpt. 693
=945  \\$p28
=945  \\$aDigiMet
=945  \\$vpt. 694
=945  \\$p34
=945  \\$aDigiMet
=945  \\$vpt. 695
=945  \\$p50
=945  \\$aDigiMet
=945  \\$vpt. 696
=945  \\$p28
=945  \\$aDigiMet
=945  \\$vpt. 697
=945  \\$p24
=945  \\$aDigiMet
=945  \\$vpt. 698
=945  \\$p48
=945  \\$aDigiMet
=945  \\$vpt. 699
=945  \\$p20
=945  \\$aDigiMet
=945  \\$vpt. 700
=945  \\$p28
=945  \\$aDigiMet
=945  \\$vpt. 701
=945  \\$p40
=945  \\$aDigiMet
=945  \\$vpt. 702
=945  \\$p30
=945  \\$aDigiMet
=945  \\$vpt. 703
=945  \\$p26
=945  \\$aDigiMet
=945  \\$vpt. 704
=945  \\$p30
=945  \\$aDigiMet
=945  \\$vpt. 705
=945  \\$p28
=945  \\$aDigiMet
=945  \\$vpt. 706
=945  \\$p54
=945  \\$aDigiMet
=945  \\$vpt. 707
=945  \\$p48
=945  \\$aDigiMet
=945  \\$vpt. 708
=945  \\$p32
=945  \\$aDigiMet
=945  \\$vpt. 709
=945  \\$p42
=945  \\$aDigiMet
=945  \\$vpt. 710
=945  \\$p28
=945  \\$aDigiMet
=945  \\$vpt. 711
=945  \\$p58
=945  \\$aDigiMet
=945  \\$vpt. 712
=945  \\$p68
=945  \\$aDigiMet
=945  \\$vpt. 713
=945  \\$p34
=945  \\$aDigiMet
=945  \\$vpt. 714
=945  \\$p20
=945  \\$aDigiMet
=945  \\$vpt. 715
=945  \\$p66
=945  \\$aDigiMet
=945  \\$vpt. 716
=945  \\$p30
=945  \\$aDigiMet
=945  \\$vpt. 717
=945  \\$p20
=945  \\$aDigiMet
=945  \\$vpt. 718
=945  \\$p44
=945  \\$aDigiMet
=945  \\$vpt. 719
=945  \\$p36
=945  \\$aDigiMet
=945  \\$vpt. 720
=945  \\$p26
=945  \\$aDigiMet
=945  \\$vpt. 721
=945  \\$p26
=945  \\$aDigiMet
=945  \\$vpt. 722
=945  \\$p34
=945  \\$aDigiMet
=945  \\$vpt. 723
=945  \\$p58
=945  \\$aDigiMet
=945  \\$vpt. 724
=945  \\$p50
=945  \\$aDigiMet
=945  \\$vpt. 725
=945  \\$p46
=945  \\$aDigiMet
=945  \\$vpt. 726
=945  \\$p52
=945  \\$aDigiMet
=945  \\$vpt. 727
=945  \\$p40
=945  \\$aDigiMet
=945  \\$vpt. 728
=945  \\$p48
=945  \\$aDigiMet
=945  \\$vpt. 729
=945  \\$p38
=945  \\$aDigiMet
=945  \\$vpt. 730
=945  \\$p34
=945  \\$aDigiMet
=945  \\$vpt. 731
=945  \\$p20
=945  \\$aDigiMet
=945  \\$vpt. 732
=945  \\$p64
=945  \\$aDigiMet
=945  \\$vpt. 733
=945  \\$p34
=945  \\$aDigiMet
=945  \\$vpt. 734
=945  \\$p32
=945  \\$aDigiMet
=945  \\$vpt. 735
=945  \\$p40
=945  \\$aDigiMet
=945  \\$vpt. 736
=945  \\$p34
=945  \\$aDigiMet
=945  \\$vpt. 737
=945  \\$p46
=945  \\$aDigiMet
=945  \\$vpt. 738
=945  \\$p44
=945  \\$aDigiMet
=945  \\$vpt. 739
=945  \\$p52
=945  \\$aDigiMet
=945  \\$vpt. 740
=945  \\$p56
=945  \\$aDigiMet
=945  \\$vpt. 741
=945  \\$p26
=945  \\$aDigiMet
=945  \\$vpt. 742
=945  \\$p86
=945  \\$aDigiMet
=945  \\$vpt. 743
=945  \\$p18
=945  \\$aDigiMet
=945  \\$vpt. 744
=945  \\$p62
=945  \\$aDigiMet
=945  \\$vpt. 745
=945  \\$p44
=945  \\$aDigiMet
=945  \\$vpt. 746
=945  \\$p28
=945  \\$aDigiMet
=945  \\$vpt. 747
=945  \\$p26
=945  \\$aDigiMet
=945  \\$vpt. 748
=945  \\$p34
=945  \\$aDigiMet
=945  \\$vpt. 749
=945  \\$p26
=945  \\$aDigiMet
=945  \\$vpt. 750
=945  \\$p38
=945  \\$aDigiMet
=945  \\$vpt. 751
=945  \\$p36
=945  \\$aDigiMet
=945  \\$vpt. 752
=945  \\$p30
=945  \\$aDigiMet
=945  \\$vpt. 753
=945  \\$p26
=945  \\$aDigiMet
=945  \\$vpt. 754
=945  \\$p50
=945  \\$aDigiMet
=945  \\$vpt. 755
=945  \\$p30
=945  \\$aDigiMet
=945  \\$vpt. 756
=945  \\$p40
=945  \\$aDigiMet
=945  \\$vpt. 757
=945  \\$p50
=945  \\$aDigiMet
=945  \\$vpt. 758
=945  \\$p30
=945  \\$aDigiMet
=945  \\$vpt. 759
=945  \\$p28
=945  \\$aDigiMet
=945  \\$vpt. 760
=945  \\$p24
=945  \\$aDigiMet
=945  \\$vpt. 761
=945  \\$p48
=945  \\$aDigiMet
=945  \\$vpt. 762
=945  \\$p36
=945  \\$aDigiMet
=945  \\$vpt. 763
=945  \\$p34
=945  \\$aDigiMet
=945  \\$vpt. 764
=945  \\$p62
=945  \\$aDigiMet
=945  \\$vpt. 765
=945  \\$p42
=945  \\$aDigiMet
=945  \\$vpt. 766
=945  \\$p52
=945  \\$aDigiMet
=945  \\$vpt. 767
=945  \\$p26
=945  \\$aDigiMet
=945  \\$vpt. 768
=945  \\$p30
=945  \\$aDigiMet
=945  \\$vpt. 769
=945  \\$p56
=945  \\$aDigiMet
=945  \\$vpt. 770
=945  \\$p32
=945  \\$aDigiMet
=945  \\$vpt. 771
=945  \\$p40
=945  \\$aDigiMet
=945  \\$vpt. 772
=945  \\$p44
=945  \\$aDigiMet
=945  \\$vpt. 773
=945  \\$p30
=945  \\$aDigiMet
=945  \\$vpt. 774
=945  \\$p24
=945  \\$aDigiMet
=945  \\$vpt. 775
=945  \\$p52
=945  \\$aDigiMet
=945  \\$vpt. 776
=945  \\$p52
=945  \\$aDigiMet
=945  \\$vpt. 777
=945  \\$p32
=945  \\$aDigiMet
=945  \\$vpt. 778
=945  \\$p40
=945  \\$aDigiMet
=945  \\$vpt. 779
=945  \\$p38
=945  \\$aDigiMet
=945  \\$vpt. 780
=945  \\$p20
=945  \\$aDigiMet
=945  \\$vpt. 781
=945  \\$p36
=945  \\$aDigiMet
=945  \\$vpt. 782
=945  \\$p26
=945  \\$aDigiMet
=945  \\$vpt. 783
=945  \\$p36
=945  \\$aDigiMet
=945  \\$vpt. 784
=945  \\$p34
=945  \\$aDigiMet
=945  \\$vpt. 785
=945  \\$p28
=945  \\$aDigiMet
=945  \\$vpt. 786
=945  \\$p36
=945  \\$aDigiMet
=945  \\$vpt. 787
=945  \\$p42
=945  \\$aDigiMet
=945  \\$vpt. 788
=945  \\$p38
=945  \\$aDigiMet
=945  \\$vpt. 789
=945  \\$p52
=945  \\$aDigiMet
=945  \\$vpt. 790
=945  \\$p34
=945  \\$aDigiMet
=945  \\$vpt. 791
=945  \\$p58
=945  \\$aDigiMet
=945  \\$vpt. 792
=945  \\$p56
=945  \\$aDigiMet
=945  \\$vpt. 793
=945  \\$p38
=945  \\$aDigiMet
=945  \\$vpt. 794
=945  \\$p22
=945  \\$aDigiMet
=945  \\$vpt. 795
=945  \\$p32
=945  \\$aDigiMet
=945  \\$vpt. 796
=945  \\$p72
=945  \\$aDigiMet
=945  \\$vpt. 797
=945  \\$p42
=945  \\$aDigiMet
=945  \\$vpt. 798
=945  \\$p18
=945  \\$aDigiMet
=945  \\$vpt. 799
=945  \\$p20
=945  \\$aDigiMet
=945  \\$vpt. 800
=945  \\$p26
=945  \\$aDigiMet
=945  \\$vpt. 801
=945  \\$p16
=945  \\$aDigiMet
=945  \\$vpt. 802
=945  \\$p16
=945  \\$aDigiMet
=945  \\$vpt. 803
=945  \\$p16
=945  \\$aDigiMet
=945  \\$vpt. 804
=945  \\$p30
=945  \\$aDigiMet
=945  \\$vpt. 805
=945  \\$p16
=945  \\$aDigiMet
=945  \\$vpt. 806
=945  \\$p14
=945  \\$aDigiMet
=945  \\$vpt. 807
=945  \\$p18
=945  \\$aDigiMet
=945  \\$vpt. 808
=945  \\$p28
=945  \\$aDigiMet
=945  \\$vpt. 809
=945  \\$p16
=945  \\$aDigiMet
=945  \\$vpt. 810
=945  \\$p18
=945  \\$aDigiMet
=945  \\$vpt. 811
=945  \\$p16
=945  \\$aDigiMet
=945  \\$vpt. 812
=945  \\$p24
=945  \\$aDigiMet
=945  \\$vpt. 813
=945  \\$p20
=945  \\$aDigiMet
=945  \\$vpt. 814
=945  \\$p20
=945  \\$aDigiMet
=945  \\$vpt. 815
=945  \\$p16
=945  \\$aDigiMet
=945  \\$vpt. 816
=945  \\$p24
=945  \\$aDigiMet
=945  \\$vpt. 817
=945  \\$p20
=945  \\$aDigiMet
=945  \\$vpt. 818
=945  \\$p18
=945  \\$aDigiMet
=945  \\$vpt. 819
=945  \\$p26
=945  \\$aDigiMet
=945  \\$vpt. 820
=945  \\$p14
=945  \\$aDigiMet
=945  \\$vpt. 821
=945  \\$p28
=945  \\$aDigiMet
=945  \\$vpt. 822
=945  \\$p20
=945  \\$aDigiMet
=945  \\$vpt. 823
=945  \\$p18
=945  \\$aDigiMet
=945  \\$vpt. 824
=945  \\$p60
=945  \\$aDigiMet
=945  \\$vpt. 825
=945  \\$p16
=945  \\$aDigiMet
=945  \\$vpt. 826
=945  \\$p12
=945  \\$aDigiMet
=945  \\$vpt. 827
=945  \\$p26
=945  \\$aDigiMet
=945  \\$vpt. 828
=945  \\$p26
=945  \\$aDigiMet
=945  \\$vpt. 829
=945  \\$p26
=945  \\$aDigiMet
=945  \\$vpt. 830
=945  \\$p16
=945  \\$aDigiMet
=945  \\$vpt. 831
=945  \\$p20
=945  \\$aDigiMet
=945  \\$vpt. 832
=945  \\$p30
=945  \\$aDigiMet
=945  \\$vpt. 833
=945  \\$p20
=945  \\$aDigiMet
=945  \\$vpt. 834
=945  \\$p12
=945  \\$aDigiMet
=945  \\$vpt. 835
=945  \\$p14
=945  \\$aDigiMet
=945  \\$vpt. 836
=945  \\$p32
=945  \\$aDigiMet
=945  \\$vpt. 837
=945  \\$p18
=945  \\$aDigiMet
=945  \\$vpt. 838
=945  \\$p16
=945  \\$aDigiMet
=945  \\$vpt. 839
=945  \\$p14
=945  \\$aDigiMet
=945  \\$vpt. 840
=945  \\$p28
=945  \\$aDigiMet
=945  \\$vpt. 841
=945  \\$p20
=945  \\$aDigiMet
=945  \\$vpt. 842
=945  \\$p14
=945  \\$aDigiMet
=945  \\$vpt. 843
=945  \\$p12
=945  \\$aDigiMet
=945  \\$vpt. 844
=945  \\$p24
=945  \\$aDigiMet
=945  \\$vpt. 845
=945  \\$p24
=945  \\$aDigiMet
=945  \\$vpt. 846
=945  \\$p14
=945  \\$aDigiMet
=945  \\$vpt. 847
=945  \\$p12
=945  \\$aDigiMet
=945  \\$vpt. 848
=945  \\$p14
=945  \\$aDigiMet
=945  \\$vpt. 849
=945  \\$p24
=945  \\$aDigiMet
=945  \\$vpt. 850
=945  \\$p16
=945  \\$aDigiMet
=945  \\$vpt. 851
=945  \\$p14
=945  \\$aDigiMet
=945  \\$vpt. 852
=945  \\$p46
=945  \\$aDigiMet
=945  \\$vpt. 853
=945  \\$p14
=945  \\$aDigiMet
=945  \\$vpt. 854
=945  \\$p26
=945  \\$aDigiMet
=945  \\$vpt. 855
=945  \\$p16
=945  \\$aDigiMet
=945  \\$vpt. 856
=945  \\$p12
=945  \\$aDigiMet
=945  \\$vpt. 857
=945  \\$p14
=945  \\$aDigiMet
=945  \\$vpt. 858
=945  \\$p28
=945  \\$aDigiMet
=945  \\$vpt. 859
=945  \\$p18
=945  \\$aDigiMet
=945  \\$vpt. 860
=945  \\$p14
=945  \\$aDigiMet
=945  \\$vpt. 861
=945  \\$p18
=945  \\$aDigiMet
=945  \\$vpt. 862
=945  \\$p28
=945  \\$aDigiMet
=945  \\$vpt. 863
=945  \\$p16
=945  \\$aDigiMet
=945  \\$vpt. 864
=945  \\$p34
=945  \\$aDigiMet
=945  \\$vpt. 865
=945  \\$p18
=945  \\$aDigiMet
=945  \\$vpt. 866
=945  \\$p24
=945  \\$aDigiMet
=945  \\$vpt. 867
=945  \\$p14
=945  \\$aDigiMet
=945  \\$vpt. 868
=945  \\$p16
=945  \\$aDigiMet
=945  \\$vpt. 869
=945  \\$p16
=945  \\$aDigiMet
=945  \\$vpt. 870
=945  \\$p20
=945  \\$aDigiMet
=945  \\$vpt. 871
=945  \\$p28
=945  \\$aDigiMet
=945  \\$vpt. 872
=945  \\$p18
=945  \\$aDigiMet
=945  \\$vpt. 873
=945  \\$p18
=945  \\$aDigiMet
=945  \\$vpt. 874
=945  \\$p18
=945  \\$aDigiMet
=945  \\$vpt. 875
=945  \\$p24
=945  \\$aDigiMet
=945  \\$vpt. 876
=945  \\$p18
=945  \\$aDigiMet
=945  \\$vpt. 877
=945  \\$p14
=945  \\$aDigiMet
=945  \\$vpt. 878
=945  \\$p62
=945  \\$aDigiMet
=945  \\$vpt. 879
=945  \\$p14
=945  \\$aDigiMet
=945  \\$vpt. 880
=945  \\$p16
=945  \\$aDigiMet
=945  \\$vpt. 881
=945  \\$p28
=945  \\$aDigiMet
=945  \\$vpt. 882
=945  \\$p14
=945  \\$aDigiMet
=945  \\$vpt. 883
=945  \\$p14
=945  \\$aDigiMet
=945  \\$vpt. 884
=945  \\$p22
=945  \\$aDigiMet
=945  \\$vpt. 885
=945  \\$p46
=945  \\$aDigiMet
=945  \\$vpt. 886
=945  \\$p18
=945  \\$aDigiMet
=945  \\$vpt. 887
=945  \\$p14
=945  \\$aDigiMet
=945  \\$vpt. 888
=945  \\$p16
=945  \\$aDigiMet
=945  \\$vpt. 889
=945  \\$p28
=945  \\$aDigiMet
=945  \\$vpt. 890
=945  \\$p18
=945  \\$aDigiMet
=945  \\$vpt. 891
=945  \\$p16
=945  \\$aDigiMet
=945  \\$vpt. 892
=945  \\$p18
=945  \\$aDigiMet
=945  \\$vpt. 893
=945  \\$p28
=945  \\$aDigiMet
=945  \\$vpt. 894
=945  \\$p20
=945  \\$aDigiMet
=945  \\$vpt. 895
=945  \\$p14
=945  \\$aDigiMet
=945  \\$vpt. 896
=945  \\$p14
=945  \\$aDigiMet
=945  \\$vpt. 897
=945  \\$p18
=945  \\$aDigiMet
=945  \\$vpt. 898
=945  \\$p58
=945  \\$aDigiMet
=945  \\$vpt. 899
=945  \\$p14
=945  \\$aDigiMet
=945  \\$vpt. 900
=945  \\$p14
=945  \\$aDigiMet
=945  \\$vpt. 901
=945  \\$p16
=945  \\$aDigiMet
=945  \\$vpt. 902
=945  \\$p24
=945  \\$aDigiMet
=945  \\$vpt. 903
=945  \\$p16
=945  \\$aDigiMet
=945  \\$vpt. 904
=945  \\$p24
=945  \\$aDigiMet
=945  \\$vpt. 905
=945  \\$p52
=945  \\$aDigiMet
=945  \\$vpt. 906
=945  \\$p20
=945  \\$aDigiMet
=945  \\$vpt. 907
=945  \\$p26
=945  \\$aDigiMet
=945  \\$vpt. 908
=945  \\$p14
=945  \\$aDigiMet
=945  \\$vpt. 909
=945  \\$p16
=945  \\$aDigiMet
=945  \\$vpt. 910
=945  \\$p22
=945  \\$aDigiMet
=945  \\$vpt. 911
=945  \\$p40
=945  \\$aDigiMet
=945  \\$vpt. 912
=945  \\$p16
=945  \\$aDigiMet
=945  \\$vpt. 913
=945  \\$p14
=945  \\$aDigiMet
=945  \\$vpt. 914
=945  \\$p30
=945  \\$aDigiMet
=945  \\$vpt. 915
=945  \\$p16
=945  \\$aDigiMet
=945  \\$vpt. 916
=945  \\$p32
=945  \\$aDigiMet
=945  \\$vpt. 917
=945  \\$p18
=945  \\$aDigiMet
=945  \\$vpt. 918
=945  \\$p16
=945  \\$aDigiMet
=945  \\$vpt. 919
=945  \\$p36
=945  \\$aDigiMet
=945  \\$vpt. 920
=945  \\$p28
=945  \\$aDigiMet
=945  \\$vpt. 921
=945  \\$p20
=945  \\$aDigiMet
=945  \\$vpt. 922
=945  \\$p22
=945  \\$aDigiMet
=945  \\$vpt. 923
=945  \\$p74
=945  \\$aDigiMet
=945  \\$vpt. 924
=945  \\$p30
=945  \\$aDigiMet
=945  \\$vpt. 925
=945  \\$p22
=945  \\$aDigiMet
=945  \\$vpt. 926
=945  \\$p22
=945  \\$aDigiMet
=945  \\$vpt. 927
=945  \\$p22
=945  \\$aDigiMet
=945  \\$vpt. 928
=945  \\$p26
=945  \\$aDigiMet
=945  \\$vpt. 929
=945  \\$p22
=945  \\$aDigiMet
=945  \\$vpt. 930
=945  \\$p18
=945  \\$aDigiMet
=945  \\$vpt. 931
=945  \\$p34
=945  \\$aDigiMet
=945  \\$vpt. 932
=945  \\$p16
=945  \\$aDigiMet
=945  \\$vpt. 933
=945  \\$p34
=945  \\$aDigiMet
=945  \\$vpt. 934
=945  \\$p22
=945  \\$aDigiMet
=945  \\$vpt. 935
=945  \\$p24
=945  \\$aDigiMet
=945  \\$vpt. 936
=945  \\$p22
=945  \\$aDigiMet
=945  \\$vpt. 937
=945  \\$p52
=945  \\$aDigiMet
=945  \\$vpt. 938
=945  \\$p22
=945  \\$aDigiMet
=945  \\$vpt. 939
=945  \\$p30
=945  \\$aDigiMet
=945  \\$vpt. 940
=945  \\$p20
=945  \\$aDigiMet
=945  \\$vpt. 941
=945  \\$p14
=945  \\$aDigiMet
=945  \\$vpt. 942
=945  \\$p32
=945  \\$aDigiMet
=945  \\$vpt. 943
=945  \\$p28
=945  \\$aDigiMet
=945  \\$vpt. 944
=945  \\$p28
=945  \\$aDigiMet
=945  \\$vpt. 945
=945  \\$p40
=945  \\$aDigiMet
=945  \\$vpt. 946
=945  \\$p30
=945  \\$aDigiMet
=945  \\$vpt. 947
=945  \\$p32
=945  \\$aDigiMet
=945  \\$vpt. 948
=945  \\$p24
=945  \\$aDigiMet
=945  \\$vpt. 949
=945  \\$p34
=945  \\$aDigiMet
=945  \\$vpt. 950
=945  \\$p36
=945  \\$aDigiMet
=945  \\$vpt. 951
=945  \\$p36
=945  \\$aDigiMet
=945  \\$vpt. 952
=945  \\$p32
=945  \\$aDigiMet
=945  \\$vpt. 953
=945  \\$p26
=945  \\$aDigiMet
=945  \\$vpt. 954
=945  \\$p68
=945  \\$aDigiMet
=945  \\$vpt. 955
=945  \\$p50
=945  \\$aDigiMet
=945  \\$vpt. 956
=945  \\$p20
=945  \\$aDigiMet
=945  \\$vpt. 957
=945  \\$p26
=945  \\$aDigiMet
=945  \\$vpt. 958
=945  \\$p76
=945  \\$aDigiMet
=945  \\$vpt. 959
=945  \\$p32
=945  \\$aDigiMet
=945  \\$vpt. 960
=945  \\$p30
=945  \\$aDigiMet
=945  \\$vpt. 961
=945  \\$p36
=945  \\$aDigiMet
=945  \\$vpt. 962
=945  \\$p26
=945  \\$aDigiMet
=945  \\$vpt. 963
=945  \\$p32
=945  \\$aDigiMet
=945  \\$vpt. 964
=945  \\$p44
=945  \\$aDigiMet
=945  \\$vpt. 965
=945  \\$p36
=945  \\$aDigiMet
=945  \\$vpt. 966
=945  \\$p42
=945  \\$aDigiMet
=945  \\$vpt. 967
=945  \\$p30
=945  \\$aDigiMet
=945  \\$vpt. 968
=945  \\$p40
=945  \\$aDigiMet
=945  \\$vpt. 969
=945  \\$p28
=945  \\$aDigiMet
=945  \\$vpt. 970
=945  \\$p50
=945  \\$aDigiMet
=945  \\$vpt. 971
=945  \\$p34
=945  \\$aDigiMet
=945  \\$vpt. 972
=945  \\$p36
=945  \\$aDigiMet
=945  \\$vpt. 973
=945  \\$p38
=945  \\$aDigiMet
=945  \\$vpt. 974
=945  \\$p26
=945  \\$aDigiMet
=945  \\$vpt. 975
=945  \\$p108
=945  \\$aDigiMet
=945  \\$vpt. 976
=945  \\$p28
=945  \\$aDigiMet
=945  \\$vpt. 977
=945  \\$p42
=945  \\$aDigiMet
=945  \\$vpt. 978
=945  \\$p28
=945  \\$aDigiMet
=945  \\$vpt. 979
=945  \\$p62
=945  \\$aDigiMet
=945  \\$vpt. 980
=945  \\$p30
=945  \\$aDigiMet
=945  \\$vpt. 981
=945  \\$p26
=945  \\$aDigiMet
=945  \\$vpt. 982
=945  \\$p56
=945  \\$aDigiMet
=945  \\$vpt. 983
=945  \\$p36
=945  \\$aDigiMet
=945  \\$vpt. 984
=945  \\$p26
=945  \\$aDigiMet
=945  \\$vpt. 985
=945  \\$p70
=945  \\$aDigiMet
=945  \\$vpt. 986
=945  \\$p42
=945  \\$aDigiMet
=945  \\$vpt. 987
=945  \\$p48
=945  \\$aDigiMet
=945  \\$vpt. 988
=945  \\$p32
=945  \\$aDigiMet
=945  \\$vpt. 989
=945  \\$p40
=945  \\$aDigiMet
=945  \\$vpt. 990
=945  \\$p32
=945  \\$aDigiMet
=945  \\$vpt. 991
=945  \\$p46
=945  \\$aDigiMet
=945  \\$vpt. 992
=945  \\$p38
=945  \\$aDigiMet
=945  \\$vpt. 993
=945  \\$p32
=945  \\$aDigiMet
=945  \\$vpt. 994
=945  \\$p72
=945  \\$aDigiMet
=945  \\$vpt. 995
=945  \\$p36
=945  \\$aDigiMet
=945  \\$vpt. 996
=945  \\$p36
=945  \\$aDigiMet
=945  \\$vpt. 997
=945  \\$p52
=945  \\$aDigiMet
=945  \\$vpt. 998
=945  \\$p38
=945  \\$aDigiMet
=945  \\$vpt. 999
=945  \\$p52
=945  \\$aDigiMet
=946  \\$aUSDA
=994  \\$a92$bAGL

