=LDR  01260cam a2200385 i 4500
=001  9915443546107426
=005  20240620152342.0
=008  970407s1976\\\\paua\\\\\bs\\f000\0\eng\\
=010  \\$a   76602062  //r90
=016  7\$aCAT10825166$2DNAL
=035  \\$a(OCoLC)ocm02819690 970408
=035  \\$90825-16660
=035  \\$a793824
=035  \\$a(DNAL)793824-naldb-Voyager
=040  \\$aDLC$cDLC$dAGL
=043  \\$an-us-nh
=049  \\$aAGLL
=070  0\$aA99.9$bF7622Uf no.43
=072  \0$aK200
=100  1\$aKingsley, Neal P.
=245  14$aThe forest resources of New Hampshire /$cby Neal P. Kingsley.
=260  \\$aUpper Darby, Pa. :$bForest Service, U.S. Dept. of Agriculture, Northeastern Forest Experiment Station,$c1976.
=300  \\$a71 p. :$bill. ;$c27 cm.
=440  \0$aU.S.D.A. Forest Service resource bulletin NE$v43
=500  \\$a"ODC (742)-905.2."
=504  \\$aBibliography: p. 26.
=593  \\$fAgricola CAT
=650  \0$aForests and forestry$zNew Hampshire.
=655  \3$aInternet resource
=856  41$uhttps://archive.org/details/forestresourceso43king
=912  \\$analcatalog
=930  \\$a20140207$b20140307$c00000000
=939  \\$a19970501$b19970508$c00000000
=945  \\$dEJ$e97/03/11$fEJ$g97/03/24$n1
=945  \\$p84
=945  \\$aDigiMet
=946  \\$aOther US

