=LDR  02118cam a2200601Ia 4500
=001  9915443560607426
=005  20240620152409.0
=008  970319s1991\\\\dcu\\\\\\b\\\f000\0\eng\d
=016  7\$aCAT10824073$2DNAL
=019  \\$a225159936
=035  \\$a793011
=035  \\$a(OCoLC)28171672$z(OCoLC)225159936
=035  \\$a(DNAL)793011-naldb-Voyager
=035  \\$z(OCoLC)225159936
=040  \\$aCUY$beng$cCUY$dAGL$dOCLCQ$dAU@$dOCLCQ$dOCLCO$dOCLCA$dOCLCF$dOCLCO$dAGM$dOCLCA
=043  \\$ae-ru---$an-us---
=049  \\$aAGLL
=050  \0$aSB608.L3$bE37 1991
=070  0\$a1$bAg84M no.1496
=072  \0$aF800
=072  \0$aK510
=245  03$aAn Efficacy review of control measures for potential pests of imported Soviet timber.
=260  \\$a[Washington, D.C.] :$bU.S. Dept. of Agriculture, Animal and Plant Health Inspection Service,$c[1991]
=300  \\$aiii, 28 pages ;$c28 cm.
=336  \\$atext$btxt$2rdacontent
=337  \\$aunmediated$bn$2rdamedia
=338  \\$avolume$bnc$2rdacarrier
=490  1\$aMiscellaneous publication ;$vno. 1496
=504  \\$aIncludes bibliographical references.
=591  \\$bNAL Reclamation
=593  \\$fAgricola CAT
=650  \0$aLarches$xDiseases and pests$xControl$zRussia (Federation).
=650  \0$aLarches$xDiseases and pests$xControl$zUnited States.
=650  \3$aLarix.
=650  \3$aconifers.
=650  \3$apest control.
=650  \3$aintroduced species.
=650  \3$awood preservation.
=651  \3$aUSSR.
=651  \3$aRussia.
=651  \3$aSiberia.
=651  \7$aRussia (Federation)$2fast$0(OCoLC)fst01262050
=651  \7$aUnited States.$2fast$0(OCoLC)fst01204155
=655  \3$aInternet resource.
=710  1\$aUnited States.$bAnimal and Plant Health Inspection Service.
=830  \0$aMiscellaneous publication (United States. Department of Agriculture) ;$vno. 1496.
=856  41$uhttps://archive.org/details/efficacyreviewof1496unit
=912  \\$analcatalog
=930  \\$a20140305$b20140404$c00000000
=939  \\$a19970401$b19970408$c00000000
=945  \\$dRY$e97/03/18$fRY$g97/03/18$n1
=945  \\$p40
=945  \\$aDigiMet
=946  \\$aUSDA
=994  \\$a92$bAGL

