=LDR  02399cam a2200625Ia 4500
=001  9915443609007426
=005  20240620152418.0
=008  970324s1990\\\\dcu\\\\\\b\\\f000\0\eng\d
=016  7\$aCAT10824339$2DNAL
=019  \\$a1039855786$a1231843246
=035  \\$a793168
=035  \\$a(OCoLC)25375642$z(OCoLC)1039855786$z(OCoLC)1231843246
=035  \\$a(DNAL)793168-naldb-Voyager
=035  \\$z(OCoLC)1039855786$z(OCoLC)1231843246
=040  \\$aBKM$beng$cBKM$dGPO$dAGL$dMTG$dOCLCQ$dOCLCO$dOCLCA$dOCLCF$dOCLCO$dOCLCA$dAGM
=043  \\$an-us---$anwpr---$anwvi---
=049  \\$aAGLL
=050  10$aS591$b.S54 1990
=070  0\$aaS599.A1S65$b1990
=072  \0$aJ300
=074  \\$a0013-A (MF)
=086  0\$aA 1.38:1483
=245  00$aSoil series of the United States, including Puerto Rico and the U.S. Virgin Islands :$btheir taxonomic classification.
=246  17$aClassification of soil series
=260  \\$a[Washington, D.C.?] :$bU.S. Dept. of Agriculture, Soil Conservation Service,$c[1990]
=300  \\$a459 pages ;$c28 cm.
=336  \\$atext$btxt$2rdacontent
=337  \\$aunmediated$bn$2rdamedia
=338  \\$avolume$bnc$2rdacarrier
=490  1\$aMiscellaneous publication ;$vno. 1483
=504  \\$aIncludes bibliographical references.
=591  \\$bNAL Reclamation
=593  \\$fAgricola CAT
=650  \0$aSoils$zUnited States$vClassification.
=650  \0$aSoils$zPuerto Rico$vClassification.
=650  \0$aSoils$zUnited States Virgin Islands$vClassification.
=650  \3$asoil.
=650  \3$aclassification.
=651  \3$aVirgin Islands of the United States.
=651  \3$aUnited States.
=651  \3$aPuerto Rico.
=651  \7$aPuerto Rico.$2fast$0(OCoLC)fst01205432
=651  \7$aUnited States.$2fast$0(OCoLC)fst01204155
=651  \7$aUnited States Virgin Islands.$2fast$0(OCoLC)fst01861754
=655  \3$aInternet resource.
=655  \7$aClassification.$2fast$0(OCoLC)fst01697073
=710  1\$aUnited States.$bSoil Conservation Service.$0http://id.loc.gov/authorities/names/n78085479
=830  \0$aMiscellaneous publication (United States. Department of Agriculture) ;$vno. 1483.
=856  41$uhttps://archive.org/details/soilseriesofunit1483unit
=912  \\$analcatalog
=930  \\$a20140305$b20140404$c00000000
=939  \\$a19970401$b19970408$c00000000
=945  \\$dRLG$e97/03/14$fSES$g97/03/24
=945  \\$p472
=945  \\$aDigiMet
=946  \\$aUSDA
=994  \\$a92$bAGL

