=LDR  01880cam a2200493Ia 4500
=001  9915443609607426
=005  20240620152411.0
=008  970319s1991\\\\dcuab\\\\b\\\f000\0\eng\d
=016  7\$aCAT10824072$2DNAL
=035  \\$a793010
=035  \\$a(OCoLC)27659767
=035  \\$a(DNAL)793010-naldb-Voyager
=040  \\$aCUY$beng$cCUY$dAGL$dOCLCQ$dOCLCO$dOCLCF$dOCLCA
=043  \\$ae-ru---$an-us---
=049  \\$aAGLL
=050  \0$aSB608.L3$bP47 1991
=070  0\$a1$bAg84M no.1495
=072  \0$aF800
=072  \0$aK510
=245  00$aPest risk assessment on the importation of larch from Siberia and the Soviet Far East.
=260  \\$a[Washington, D.C.] :$bU.S. Dept. of Agriculture, Forest Service,$c[1991]
=300  \\$a1 volume (various pagings) :$billustrations, maps ;$c28 cm.
=336  \\$atext$btxt$2rdacontent
=337  \\$aunmediated$bn$2rdamedia
=338  \\$avolume$bnc$2rdacarrier
=490  1\$aMiscellaneous publication ;$vno. 1495
=504  \\$aIncludes bibliographical references.
=530  \\$aAlso available via the Internet.
=591  \\$bNAL Reclamation
=593  \\$fAgricola CAT
=650  \0$aLarches$xDiseases and pests$zRussia (Federation).
=650  \0$aLarches$xDiseases and pests$zUnited States.
=651  \7$aRussia (Federation)$2fast$0(OCoLC)fst01262050
=651  \7$aUnited States.$2fast$0(OCoLC)fst01204155
=710  1\$aUnited States.$bForest Service.$0http://id.loc.gov/authorities/names/n79054932
=830  \0$aMiscellaneous publication (United States. Department of Agriculture) ;$vno. 1495.
=856  \\$uhttp://www.srs.fs.usda.gov/pubs/misc/misc_1495.pdf
=856  41$uhttps://archive.org/details/pestriskassessme1495unit
=912  \\$analcatalog
=930  \\$a20140305$b20140404$c00000000
=939  \\$a19970401$b19970408$c00000000
=945  \\$dRY$e97/03/18$fRY$g97/03/18$n1
=945  \\$p286
=945  \\$aDigiMet
=946  \\$aUSDA
=994  \\$a92$bAGL

