=LDR  02028cam a2200505Ia 4500
=001  9915443613207426
=005  20240620152418.0
=007  he\bmb024bbca
=008  980212s1995\\\\utu\\\\\bb\\\f000\0\eng\d
=016  7\$aCAT10841763$2DNAL
=035  \\$a793996
=035  \\$a(OCoLC)36700219
=035  \\$a(DNAL)793996-naldb-Voyager
=040  \\$aGPO$beng$cGPO$dOCLCG$dOCLCA$dOCLCQ$dOCLCO$dOCLCQ$dOCLCF$dUOK$dTKN$dAGL
=049  \\$aAGLL
=050  \0$aSD11.E23$bP3 no.INT-RP-482
=070  0\$aFiche$bS-133 (A 13.78:INT-RP-482 )
=072  \0$aK200
=074  \\$a0083-B (MF)
=086  0\$aA 13.78:INT-RP-482
=100  1\$aCole, Dennis M.
=245  10$aManaging lodgepole pine to yield merchantable thinning products and attain sawtimber rotations /$cDennis M. Cole, Peter Koch.
=260  \\$aOgden, UT (324 25th St., Ogden 84401) :$bU.S. Dept. of Agriculture, Forest Service, Intermountain Research Station,$c[1995]
=300  \\$a15 pages.
=336  \\$atext$btxt$2rdacontent
=337  \\$amicroform$bh$2rdamedia
=338  \\$amicrofiche$bhe$2rdacarrier
=490  1\$aResearch paper INT ;$vRP-482
=504  \\$aIncludes bibliographical references (pages 13-14).
=533  \\$aMicrofiche.$b[Washington, D.C.?] :$cSupt. of Docs., U.S. G.P.O.,$d[1997].$e1 microfiche : negative.
=591  \\$bNAL Reclamation
=593  \\$fAgricola CAT
=650  \0$aLodgepole pine$xMarketing.
=650  \0$aLodgepole pine$xDiseases and pests$xControl.
=650  \0$aForest thinning.$0http://id.loc.gov/authorities/subjects/sh85050683
=655  \3$aInternet resource.
=700  1\$aKoch, Peter,$d1920-1998.$0http://id.loc.gov/authorities/names/n2014005938
=710  2\$aIntermountain Research Station (Ogden, Utah)$0http://id.loc.gov/authorities/names/n85066590
=830  \0$aResearch paper INT ;$v482.
=856  41$uhttps://archive.org/details/managinglodgepol482cole
=912  \\$analcatalog
=930  \\$a20140305$b20140404$c00000000
=939  \\$a19980301$b19980309$c00000000
=945  \\$aDigiMet
=945  \\$p24
=946  \\$aOther US
=994  \\$a92$bAGL

