=LDR  02027cam a2200505 a 4500
=001  9915443797907426
=005  20240624181850.0
=007  heubmb024bbca
=008  970610s1996\\\\mnua\\\\bb\\\f000\0\eng\d
=016  7\$aCAT10828504$2DNAL
=035  \\$a(OCoLC)ocm36651614 020620
=035  \\$a793564
=035  \\$a(DNAL)793564-naldb-Voyager
=040  \\$aGPO$cGPO$dDLC$dMvI$dAGL
=043  \\$an-us-mn
=049  \\$aAGLL
=070  0\$aFiche$bS-133 (A 13.80:NC-165 )
=072  \0$aK100
=086  0\$aA 13.80:NC-165
=245  03$aAn analysis of Minnesota's fifth forest resources inventory, 1990$h[microform] /$cEarl C. Leatherberry ... [et al.].
=246  30$aMinnesota's fifth forest resources inventory
=260  \\$aSt. Paul, Minn. (1992 Folwell Ave., St. Paul 55108) :$bU.S. Dept. of Agriculture, Forest Service, North Central Forest Experiment Station,$c1995 [i.e. 1996]
=300  \\$a102 p. :$bill., maps ;$c28 cm.
=440  \0$aResource bulletin NC ;$v165
=500  \\$aDistributed to depository libraries in microfiche.
=500  \\$aShipping list no.: 97-0361-M.
=530  \\$aAlso available on the Internet.
=504  \\$aIncludes bibliographical references (p. 35-38).
=533  \\$aMicrofiche.$b[Washington, D.C.] :$cSupt. of Docs., U.S. G.P.O.,$d[1997?].$cmicrofiches : negative.
=593  \\$fAgricola CAT
=650  00$aForest surveys$zMinnesota.
=650  00$aTimber$zMinnesota$xStatistics.
=650  00$aForests and forestry$zMinnesota$xStatistics.
=655  \3$aInternet resource$2DNAL
=700  1\$aLeatherberry, Earl C.
=710  2\$aNorth Central Forest Experiment Station (Saint Paul, Minn.)
=856  40$uhttp://www.nrs.fs.fed.us/pubs/rb/rb%5Fnc165.pdf
=856  40$uhttps://archive.org/details/analysisofminnes165leat
=912  \\$analcatalog
=930  \\$a20140702$b20140807$c00000000
=939  \\$a20130604$b20130705$c00000000
=939  \\$a20040802$b20040901$c00000000
=939  \\$a19970703$b19970710$c00000000
=945  \\$aDigiMet
=945  \\$p122
=946  \\$aOther US
=959  \\$c2013-06-04$essouder$gurlc

