=LDR  02058cam a2200541Ia 4500
=001  9915443815907426
=005  20240624181850.0
=007  he\bmb024bbca
=008  990203s1996\\\\utua\\\\bb\\\f000\0\eng\d
=016  7\$aCAT10860998$2DNAL
=035  \\$a793518
=035  \\$a(OCoLC)36651753
=035  \\$a(DNAL)793518-naldb-Voyager
=040  \\$aGPO$beng$cGPO$dCZL$dOSU$dOCLCQ$dOCLCF$dOCLCA$dOCLCQ$dUOK$dOCLCA$dAGL
=043  \\$an-us-or
=049  \\$aAGLL
=050  10$aSD11$b.I53532
=070  0\$aFiche$bS-133 (A 13.78:INT-RP-492 )
=072  \0$aF110
=074  \\$a0083-B (MF)
=086  0\$aA 13.78:INT-RP-492
=245  00$aResponse of a depleted sagebrush steppe riparian system to grazing control and woody plantings /$cWarren P. Clary [and others].
=260  \\$aOgden, UT (324 25th St., Ogden 84401) :$bU.S. Dept. of Agriculture, Forest Service, Intermountain Research Station,$c[1996]
=300  \\$a32 pages :$billustrations ;$c28 cm.
=336  \\$atext$btxt$2rdacontent
=337  \\$amicroform$bh$2rdamedia
=338  \\$amicrofiche$bhe$2rdacarrier
=490  1\$aResearch paper INT ;$vRP-492
=504  \\$aIncludes bibliographical references (pages 23-26).
=533  \\$aMicrofiche.$b[Washington, D.C.?] :$cSupt. of Docs., U.S. G.P.O.,$d[1997].$e1 microfiche : negative.
=591  \\$bNAL Reclamation
=593  \\$fAgricola CAT
=650  \0$aRiparian ecology$zOregon.
=650  \0$aRestoration ecology$zOregon.
=650  \0$aGrazing$xEnvironmental aspects$zOregon.
=650  \0$aRange management$zOregon.
=651  \7$aOregon.$2fast$0(OCoLC)fst01204579
=655  \3$aInternet resource.
=700  1\$aClary, Warren P.
=710  2\$aIntermountain Research Station (Ogden, Utah)$0http://id.loc.gov/authorities/names/n85066590
=830  \0$aResearch paper INT ;$v492.
=856  41$uhttps://archive.org/details/responseofdeplet492clar
=912  \\$analcatalog
=930  \\$a20140306$b20140404$c00000000
=939  \\$a19990301$b19990308$c00000000
=945  \\$aDigiMet
=945  \\$p40
=946  \\$aUSDA
=959  \\$c2014-03-06$earojas$gap
=994  \\$a92$bAGL

