=LDR  02518cas a2200637 a 4500
=001  9915443857907426
=005  20240624181847.0
=008  030129d1990199udcuar\\\\f\\\f0\\\\0eng\c
=010  \\$asn 91023397 
=012  \\$i9108
=016  7\$aCAT11129528$2DNAL
=035  \\$a896491
=035  \\$a(OCoLC)23748075
=035  \\$a(DNAL)896491-naldb-Voyager
=040  \\$aGPO$beng$cGPO$dCLU$dIUL$dNST$dDLC$dGPO$dIUL$dOCL$dHUL$dOCLCQ$dGPO$dAGL$dOCLCQ$dDLC$dOCLCQ$dOCLCO$dOCLCA$dOCLCQ$dOCLCA$dOCLCF$dOCLCO$dOCL$dOCLCA$dGILDS$dOCLCO$dOCLCA$dOCLCQ$dOCLCO
=042  \\$apcc
=043  \\$an-us---
=049  \\$aAGLL
=050  00$aS21$b.A46 subser.
=070  0\$a1$bAg84M no. 1063
=072  \0$aA000
=074  \\$a0013-A-01
=086  0\$aA 1.38/2:
=245  00$aFact book of agriculture.
=246  3\$aFactbook of agriculture
=260  \\$aWashington, DC :$bOffice of Public Affairs, U.S. Dept. of Agriculture :$b[Supt. of Docs., U.S. G.P.O., distributor,$c1991]-
=300  \\$avolumes ;$c22 cm.
=310  \\$aAnnual
=336  \\$atext$btxt$2rdacontent
=337  \\$aunmediated$bn$2rdamedia
=338  \\$avolume$bnc$2rdacarrier
=362  0\$a1990-
=362  1\$aCeased publication.
=490  1\$aMiscellaneous publication ;$vno. 1063
=591  \\$bNAL Reclamation
=593  \\$fAgricola CAT
=650  \0$aAgriculture$zUnited States$vHandbooks, manuals, etc.
=650  \0$aAgriculture$xEconomic aspects$zUnited States$vHandbooks, manuals, etc.
=651  \7$aUnited States.$2fast$0(OCoLC)fst01204155
=655  \3$aInternet resource.
=655  \7$aHandbooks and manuals.$2fast$0(OCoLC)fst01423877
=655  \7$aHandbooks and manuals.$2lcgft$0http://id.loc.gov/authorities/genreForms/gf2014026109
=710  1\$aUnited States.$bDepartment of Agriculture.$bOffice of Public Affairs (1989- ).
=776  08$iOnline version:$tFact book of agriculture$w(OCoLC)623698545
=780  00$tFact book of U.S. agriculture$x0501-9273$w(DLC)   63061826$w(OCoLC)5977371
=785  00$tAgriculture fact book$w(DLC)   96648032$w(OCoLC)31747093
=830  \0$aMiscellaneous publication (United States. Department of Agriculture) ;$vno. 1063.
=850  \\$aCLU$aCU-A$aDLC$aDeU$aInLP$aInU$aNjR$aOU$aPU
=856  41$uhttps://archive.org/details/factbookofagricu1063unit
=912  \\$analcatalog
=930  \\$a20140305$b20140404$c00000000
=939  \\$a20030203$b20030211$c00000000
=945  \\$dCM$e2003/01/29$fCM$g2003/01/29
=945  \\$p196
=945  \\$aDigiMet
=946  \\$aOther US
=959  \\$c2013-04-02$essouder$gap
=994  \\$a92$bAGL

