=LDR  01722cam a2200445Ia 4500
=001  9915444079507426
=005  20240620153644.0
=008  030130s1961\\\\dcua\\\\\\\\\f000\0\eng\d
=016  7\$aCAT11129633$2DNAL
=035  \\$a896610
=035  \\$a(OCoLC)44080953
=035  \\$a(DNAL)896610-naldb-Voyager
=040  \\$aSFR$beng$cSFR$dAGL$dOCLCQ$dOCLCO$dOCLCF$dOCLCA$dSFR
=043  \\$an-us---
=049  \\$aAGLL
=070  0\$a1$bAg84M no. 249 1961
=072  \0$aK200
=086  0\$aA 1.38:249
=245  00$aCareers in forestry /$c[prepared by the Forest Service].
=250  \\$aSlightly rev.
=260  \\$aWashington, D.C. :$bU.S. Dept. of Agriculture,$c1961.
=300  \\$a22 pages :$billustrations ;$c23 cm.
=336  \\$atext$btxt$2rdacontent
=337  \\$aunmediated$bn$2rdamedia
=338  \\$avolume$bnc$2rdacarrier
=490  1\$aMiscellaneous publication / United States Department of Agriculture ;$vno. 249
=591  \\$bNAL Reclamation
=593  \\$fAgricola CAT
=650  \0$aForests and forestry$xVocational guidance.$0http://id.loc.gov/authorities/subjects/sh85050727
=655  \3$aInternet resource.
=710  1\$aUnited States.$bForest Service.$0http://id.loc.gov/authorities/names/n79054932
=776  08$iOnline version:$tCareers in forestry.$bSlightly rev.$dWashington, D.C. : U.S. Dept. of Agriculture, 1961$w(OCoLC)989720999
=830  \0$aMiscellaneous publication (United States. Department of Agriculture) ;$vno. 249.
=856  41$uhttps://archive.org/details/careersinforestr249unit
=912  \\$analcatalog
=930  \\$a20140305$b20140404$c00000000
=939  \\$a20030203$b20030211$c00000000
=945  \\$dRY$e2003/01/30$fRY$g2003/01/30$n1
=945  \\$p30
=945  \\$aDigiMet
=946  \\$aUSDA
=994  \\$a92$bAGL

