=LDR  01633cam a2200445Ia 4500
=001  9915444473407426
=005  20240620153542.0
=008  001226s1949\\\\dcua\\\\\b\\\f000\0\eng\d
=016  7\$aCAT11091563$2DNAL
=035  \\$a861440
=035  \\$a(OCoLC)32532978
=035  \\$a(DNAL)861440-naldb-Voyager
=040  \\$aIPL$beng$cIPL$dAGL$dOCLCQ$dOCLCF$dOCLCQ$dOCLCO
=049  \\$aAGLL
=070  0\$a1.96$bAd6Tp no.84
=072  \0$aJ800
=086  0\$aA 57.15:84
=100  1\$aMusgrave, G. W.$q(George Wallace),$d1891-$0http://id.loc.gov/authorities/names/no2006003305
=245  10$aDesigning agronomic practices to meet specific erosion hazards /$cby G.W. Musgrave.
=260  \\$aWashington, D.C. :$bU.S. Dept. of Agriculture, Soil Conservation Service,$c[1949]
=300  \\$a6 pages :$billustrations ;$c27 cm.
=336  \\$atext$btxt$2rdacontent
=337  \\$aunmediated$bn$2rdamedia
=338  \\$avolume$bnc$2rdacarrier
=490  1\$aSCS-TP ;$v84
=504  \\$aIncludes bibliographical references.
=591  \\$bNAL Reclamation
=593  \\$fAgricola CAT
=650  \0$aSoil conservation.$0http://id.loc.gov/authorities/subjects/sh85124329
=655  \3$aInternet resource.
=710  1\$aUnited States.$bSoil Conservation Service.$0http://id.loc.gov/authorities/names/n78085479
=830  \0$aSCS-TP ;$v84.
=856  41$uhttps://archive.org/details/designingagronom84musg
=912  \\$analcatalog
=930  \\$a20140702$b20140807$c00000000
=939  \\$a20130117$b20130201$c00000000
=939  \\$a20001231$b20010109$c00000000
=945  \\$dhw$e2000/12/26$fhw$g2000/12/26$n1
=945  \\$p14
=945  \\$aDigiMet
=946  \\$aUSDA
=994  \\$a92$bAGL

