=LDR  03712cas a2200781 a 4500
=001  9915444611107426
=005  20240624181947.0
=008  790117d19471980dcubx\p\\\s\\f0\\\a0eng\\
=010  \\$a   59030695 
=012  \\$a3
=016  7\$aCAT30149256$2DNAL
=019  \\$a1309373$a4368046$a30588232$a30588234
=022  \\$a0024-516X$l0024-516X$21
=035  \\$a149256
=035  \\$a(OCoLC)01756046$z(OCoLC)1309373$z(OCoLC)4368046$z(OCoLC)30588232$z(OCoLC)30588234
=035  \\$a(DNAL)149256-naldb-Voyager
=035  \\$z(OCoLC)1309373$z(OCoLC)4368046$z(OCoLC)30588232$z(OCoLC)30588234
=040  \\$aDLC$beng$cMUL$dCOO$dNSD$dDLC$dGPO$dNSD$dNST$dHUL$dNST$dOCL$dNST$dOCLCQ$dIUL$dAGL$dOCLCQ$dOCLCA$dOCLCQ$dOCLCA$dOCLCF$dOCLCO$dWAU$dFUG$dOCLCQ
=042  \\$ansdp$apcc
=043  \\$an-us---
=049  \\$aAGLL
=050  00$aHD9414$b.A25
=070  0\$a1.941$bS8L752
=072  \0$aE130
=072  \0$aE700
=072  \0$aL100
=072  \0$aQ002
=074  \\$a24-C
=086  0\$aA 36.158:
=086  0\$aA 88.16/8:
=086  0\$aA 93.15:
=086  0\$aA 105.23/2:
=222  \0$aLivestock and meat situation
=245  00$aLivestock and meat situation /$cEconomics, Statistics, and Cooperatives Service, U.S. Department of Agriculture.
=260  \\$a[Washington, D.C.] :$bEconomics, Statistics, and Cooperatives Service, U.S. Department of Agriculture,$c[1947-1980]
=300  \\$avolumes ;$c27 cm
=310  \\$aBimonthly (irregular)
=336  \\$atext$btxt$2rdacontent
=337  \\$aunmediated$bn$2rdamedia
=338  \\$avolume$bnc$2rdacarrier
=362  0\$aLMS-1 (Jan. 1947)-LMS-238 (Nov. 1980).
=525  \\$aSome issues accompanied by supplement.
=550  \\$aIssued 1947-Nov. 1953 by the Bureau of Agricultural Economics; Dec. 1953-Mar. 1961, by the Agricultural Marketing Service; May 1961-<Aug. 1976> by the Dept. of Agriculture, Economic Research Service; <Sept. 1976>-Aug. 1980 by the Economics, Statistics, and Cooperatives Service; Oct.-Nov. 1980 by the Economics and Statistics Service.
=550  \\$a"Approved by the World Food and Agriculture Outlook and Situation Board."
=591  \\$bNAL Reclamation
=593  \\$fAgricola CAT
=650  \0$aAnimal industry$zUnited States$vPeriodicals.
=650  \0$aMeat industry and trade$zUnited States$vPeriodicals.
=651  \7$aUnited States.$2fast$0(OCoLC)fst01204155
=655  \3$aInternet resource.
=655  \7$aPeriodicals.$2fast$0(OCoLC)fst01411641
=710  1\$aUnited States.$bDepartment of Agriculture.$bEconomics and Statistics Service.
=710  1\$aUnited States.$bDepartment of Agriculture.$bEconomics, Statistics, and Cooperatives Service.
=710  1\$aUnited States.$bBureau of Agricultural Economics.$0http://id.loc.gov/authorities/names/n80060900
=710  1\$aUnited States.$bAgricultural Marketing Service.$0http://id.loc.gov/authorities/names/n79108924
=710  1\$aUnited States.$bDepartment of Agriculture.$bEconomic Research Service.
=710  1\$aUnited States.$bWorld Food and Agricultural Outlook and Situation Board.$0http://id.loc.gov/authorities/names/n78069738
=776  08$iOnline version:$tLivestock and meat situation$w(OCoLC)760900626
=780  01$aUnited States. Bureau of Agricultural Economics.$tLivestock and wool situation$w(DLC)   46034600$w(OCoLC)1780425
=785  00$tLivestock and meat outlook & situation$x0278-923X$w(DLC)   81649827$w(OCoLC)7364029
=850  \\$aDLC$aDNAL$aMH-BA$aNN$aOU$aViBlbV
=856  41$uhttps://archive.org/details/usda-commoditysituationreports
=912  \\$analcatalog
=930  \\$a20140812$b20140905$c00000000
=945  \\$dlstanko$e2005/08/04
=945  \\$vpt. 1
=945  \\$p16
=945  \\$aDigiMet
=945  \\$vpt. 2
=945  \\$p22
=945  \\$aDigiMet
=945  \\$vpt. 3
=945  \\$p18
=945  \\$aDigiMet
=945  \\$vpt. 4
=945  \\$p20
=945  \\$aDigiMet
=945  \\$vpt. 5
=945  \\$p14
=945  \\$aDigiMet
=945  \\$vpt. 6
=945  \\$p14
=945  \\$aDigiMet
=945  \\$vpt. 7
=945  \\$p22
=945  \\$aDigiMet
=945  \\$vpt. 8
=945  \\$p20
=945  \\$aDigiMet
=945  \\$vpt. 9
=945  \\$p16
=945  \\$aDigiMet
=945  \\$vpt. 10
=945  \\$p16
=945  \\$aDigiMet
=945  \\$vpt. 11
=945  \\$p20
=945  \\$aDigiMet
=945  \\$vpt. 12
=945  \\$p28
=945  \\$aDigiMet
=945  \\$vpt. 13
=945  \\$p20
=945  \\$aDigiMet
=945  \\$vpt. 14
=945  \\$p18
=945  \\$aDigiMet
=945  \\$vpt. 15
=945  \\$p26
=945  \\$aDigiMet
=945  \\$vpt. 16
=945  \\$p20
=945  \\$aDigiMet
=945  \\$vpt. 17
=945  \\$p26
=945  \\$aDigiMet
=945  \\$vpt. 18
=945  \\$p32
=945  \\$aDigiMet
=945  \\$vpt. 19
=945  \\$p32
=945  \\$aDigiMet
=945  \\$vpt. 20
=945  \\$p20
=945  \\$aDigiMet
=945  \\$vpt. 21
=945  \\$p24
=945  \\$aDigiMet
=945  \\$vpt. 22
=945  \\$p32
=945  \\$aDigiMet
=945  \\$vpt. 23
=945  \\$p22
=945  \\$aDigiMet
=945  \\$vpt. 24
=945  \\$p56
=945  \\$aDigiMet
=945  \\$vpt. 25
=945  \\$p26
=945  \\$aDigiMet
=945  \\$vpt. 26
=945  \\$p22
=945  \\$aDigiMet
=945  \\$vpt. 27
=945  \\$p28
=945  \\$aDigiMet
=945  \\$vpt. 28
=945  \\$p28
=945  \\$aDigiMet
=945  \\$vpt. 29
=945  \\$p18
=945  \\$aDigiMet
=945  \\$vpt. 30
=945  \\$p28
=945  \\$aDigiMet
=945  \\$vpt. 31
=945  \\$p26
=945  \\$aDigiMet
=945  \\$vpt. 32
=945  \\$p30
=945  \\$aDigiMet
=945  \\$vpt. 33
=945  \\$p16
=945  \\$aDigiMet
=945  \\$vpt. 34
=945  \\$p20
=945  \\$aDigiMet
=945  \\$vpt. 35
=945  \\$p26
=945  \\$aDigiMet
=945  \\$vpt. 36
=945  \\$p66
=945  \\$aDigiMet
=945  \\$vpt. 37
=945  \\$p22
=945  \\$aDigiMet
=945  \\$vpt. 38
=945  \\$p22
=945  \\$aDigiMet
=945  \\$vpt. 39
=945  \\$p40
=945  \\$aDigiMet
=945  \\$vpt. 40
=945  \\$p24
=945  \\$aDigiMet
=945  \\$vpt. 41
=945  \\$p20
=945  \\$aDigiMet
=945  \\$vpt. 42
=945  \\$p24
=945  \\$aDigiMet
=945  \\$vpt. 43
=945  \\$p26
=945  \\$aDigiMet
=945  \\$vpt. 44
=945  \\$p26
=945  \\$aDigiMet
=946  \\$aUSDA
=959  \\$c2013-04-02$essouder$gap
=994  \\$a92$bAGL

