=LDR  02490cam a2200673 a 4500
=001  9915444640707426
=005  20240620154443.0
=008  950719s1995\\\\pauab\\\\b\\\f000\0\eng\d
=010  \\$a   95188951 
=016  7\$aCAT10700382$2DNAL
=035  \\$a764701
=035  \\$a(OCoLC)32840352
=035  \\$a(DNAL)764701-naldb-Voyager
=040  \\$aDNAL$beng$cDLC$dBTCTA$dSPI$dOCLCO$dOCLCA$dOCLCF$dOCLCQ$dOCLCO$dCOD$dOCLCA$dAGM$dOCLCA$dWURST$dAGL
=042  \\$alccopycat
=043  \\$an-us-pa
=049  \\$aAGLL
=050  00$aSD387.S86$bW54 1995
=070  0\$aA99.9$bF7622Uf no.131
=072  \0$aK250
=086  0\$aA 13.80:NE-131
=100  1\$aWidmann, Richard H.$0http://id.loc.gov/authorities/names/n84177637
=245  10$aForest resources of Pennsylvania /$cRichard H. Widmann.
=260  \\$aRadnor, PA :$bU.S. Dept. of Agriculture, Forest Service, Northeastern Forest Experiment Station,$c[1995]
=300  \\$a41 pages :$billustrations, maps ;$c28 cm.
=336  \\$atext$btxt$2rdacontent
=337  \\$aunmediated$bn$2rdamedia
=338  \\$avolume$bnc$2rdacarrier
=490  1\$aResource bulletin NE ;$v131
=504  \\$aIncludes bibliographical references (pages 36-37).
=591  \\$bNAL Reclamation
=593  \\$fAgricola CAT
=650  \0$aForest surveys$zPennsylvania.
=650  \0$aForests and forestry$zPennsylvania.
=650  \3$aforest resources.
=650  \3$aforest statistics.
=650  \3$aforest inventory.
=650  \3$alogging.
=650  \3$aforest ownership.
=650  \3$avegetation types.
=650  \3$astand structure.
=650  \3$amortality.
=650  \3$aspatial distribution.
=650  \3$aspecies diversity.
=651  \3$aPennsylvania.
=651  \7$aPennsylvania.$2fast$0(OCoLC)fst01204598
=655  \3$aInternet resource.
=710  1\$aUnited States.$bDepartment of Agriculture.
=710  2\$aNortheastern Forest Experiment Station (Radnor, Pa.)
=776  08$iOnline version:$aWidmann, Richard H.$tForest resources of Pennsylvania.$dRadnor, PA : U.S. Dept. of Agriculture, Forest Service, Northeastern Forest Experiment Station, [1995]$w(OCoLC)624414863
=830  \0$aResource bulletin NE ;$v131.
=856  41$uhttps://archive.org/details/forestresourceso131widm
=912  \\$analcatalog
=930  \\$a20140207$b20140307$c00000000
=938  \\$aBaker and Taylor$bBTCP$n95188951
=939  \\$a19950905$b19950912$c00000000
=945  \\$dRLG$e95/07/19$fGBP$g95/08/02$n1
=945  \\$p52
=945  \\$aDigiMet
=946  \\$aUSDA
=994  \\$a92$bAGL

