=LDR  01685cam a2200469Ia 4500
=001  9915444709607426
=005  20240620154438.0
=008  001226s1949\\\\dcua\\\\\b\\\f000\0\eng\d
=016  7\$aCAT11091564$2DNAL
=035  \\$a861441
=035  \\$a(OCoLC)32554200
=035  \\$a(DNAL)861441-naldb-Voyager
=040  \\$aIPL$beng$cIPL$dAGL$dOCLCQ$dOCLCF$dOCLCQ$dOCLCO
=043  \\$an-us---
=049  \\$aAGLL
=070  0\$a1.96$bAd6Tp no.75
=072  \0$aJ800
=086  0\$aA 57.15:75
=100  1\$aUhland, R. E.$q(Russel Edward),$d1896-
=245  10$aCrop yields lowered by erosion /$cby R.E. Uhland.
=260  \\$aWashington, D.C. :$bU.S. Dept. of Agriculture, Soil Conservation Service, in cooperation with the Agricultural Experiment Stations of Indiana, Ohio, Iowa, and Missouri,$c[1949]
=300  \\$a27 pages :$billustrations ;$c27 cm.
=336  \\$atext$btxt$2rdacontent
=337  \\$aunmediated$bn$2rdamedia
=338  \\$avolume$bnc$2rdacarrier
=490  1\$aSCS-TP ;$v75
=504  \\$aIncludes bibliographical references.
=591  \\$bNAL Reclamation
=593  \\$fAgricola CAT
=650  \0$aCrop yields$zUnited States.
=650  \0$aSoil erosion$zUnited States.
=651  \7$aUnited States.$2fast$0(OCoLC)fst01204155
=655  \3$aInternet resource.
=710  1\$aUnited States.$bSoil Conservation Service.$0http://id.loc.gov/authorities/names/n78085479
=830  \0$aSCS-TP ;$v75.
=856  41$uhttps://archive.org/details/cropyieldslowere75uhla
=912  \\$analcatalog
=930  \\$a20140702$b20140807$c00000000
=939  \\$a20001231$b20010109$c00000000
=945  \\$dhw$e2000/12/26$fhw$g2000/12/26$n1
=945  \\$p38
=945  \\$aDigiMet
=946  \\$aOther US
=994  \\$a92$bAGL

