=LDR  01528cam a2200457I  4500
=001  9915444712307426
=005  20240620154444.0
=008  001226s1950\\\\dcua\\\\\b\\\f000\0\eng\d
=016  7\$aCAT11091562$2DNAL
=035  \\$a861439
=035  \\$a(OCoLC)18330683
=035  \\$a(DNAL)861439-naldb-Voyager
=040  \\$aIWA$beng$cIWA$dAGL$dMUU$dOCLCO$dOCLCQ$dOCLCF$dOCLCQ$dOKS
=049  \\$aAGLL
=050  \0$aS623$bSt18e
=070  0\$a1.96$bAd6Tp no.98
=072  \0$aJ800
=086  0\$aA 57.15:98
=100  1\$aStallings, James Henry.
=245  10$aErosion of topsoil reduces productivity.
=260  \\$aWashington,$b[U.S. Govt. Print. Off.]$c1950.
=300  \\$a31 pages$billustrations$c27 cm.
=336  \\$atext$btxt$2rdacontent
=337  \\$aunmediated$bn$2rdamedia
=338  \\$avolume$bnc$2rdacarrier
=490  1\$aSCS-TP ;$v98
=504  \\$aIncludes bibliographical references (pages 29-31).
=591  \\$bNAL Reclamation
=593  \\$fAgricola CAT
=650  \0$aErosion.$0http://id.loc.gov/authorities/subjects/sh85044667
=655  \3$aInternet resource.
=710  1\$aUnited States.$bSoil Conservation Service.$0http://id.loc.gov/authorities/names/n78085479
=830  \0$aSCS-TP ;$v98.
=856  41$uhttps://archive.org/details/erosionoftopsoil98stal
=912  \\$analcatalog
=930  \\$a20140702$b20140807$c00000000
=939  \\$a20130116$b20130201$c00000000
=939  \\$a20001231$b20010109$c00000000
=945  \\$dhw$e2000/12/26$fhw$g2000/12/26$n1
=945  \\$p40
=945  \\$aDigiMet
=946  \\$aOther US
=994  \\$a92$bAGL

