=LDR  02032cam a2200517Ia 4500
=001  9915444810807426
=005  20240620154522.0
=008  941208s1994\\\\gaua\\\\\b\\\f000\0\eng\d
=016  7\$aCAT10700513$2DNAL
=035  \\$a764864
=035  \\$a(OCoLC)31633498
=035  \\$a(DNAL)764864-naldb-Voyager
=040  \\$aOEL$beng$cOEL$dAGL$dOCLCQ$dPHA$dOCLCA$dOCLCQ$dOCLCA$dOCLCF$dOCLCQ$dOCLCO$dEJB$dCOF$dOCLCA$dWURST
=043  \\$an-us---
=049  \\$aAGLL
=050  \0$aSD431$b.D57 1994
=070  0\$a1$bAg84M no.1520
=072  \0$aP200
=072  \0$aK200
=086  0\$aA 1.38:1520
=100  1\$aDissmeyer, George E.$0http://id.loc.gov/authorities/names/n82023667
=245  10$aEvaluating the effectiveness of forestry best management practices in meeting water quality goals or standards /$cGeorge E. Dissmeyer.
=260  \\$aAtlanta, Ga. :$bUSDA, Forest Service, Southern Region,$c[1994]
=300  \\$aviii, 166 pages :$billustrations ;$c28 cm.
=336  \\$atext$btxt$2rdacontent
=337  \\$aunmediated$bn$2rdamedia
=338  \\$avolume$bnc$2rdacarrier
=490  1\$aMiscellaneous publication ;$v1520
=504  \\$aIncludes bibliographical references (pages 156-166).
=591  \\$bNAL Reclamation
=593  \\$fAgricola CAT
=650  \0$aWater quality$zUnited States.$0http://id.loc.gov/authorities/subjects/sh85145602
=650  \0$aForest management$zUnited States.
=651  \7$aUnited States.$2fast$0(OCoLC)fst01204155
=655  \3$aInternet resource.
=655  \4$aStandard
=710  1\$aUnited States.$bForest Service.$bSouthern Region.$0http://id.loc.gov/authorities/names/n81015539
=830  \0$aMiscellaneous publication ;$v1520.
=830  \0$aMiscellaneous publication (United States. Department of Agriculture) ;$v1520.
=856  41$uhttps://archive.org/details/evaluatingeffect1520diss
=912  \\$analcatalog
=930  \\$a20140305$b20140404$c00000000
=939  \\$a19950905$b19950912$c00000000
=945  \\$dAR$e95/07/31$fAR$g95/08/03$n1
=945  \\$p300
=945  \\$aDigiMet
=946  \\$aUSDA
=994  \\$a92$bAGL

