=LDR  01095cam a2200349Mi 4500
=001  9915445202707426
=005  20240620155555.0
=008  910402s1934\\\\xx\b\\\\\\\\\\000\0\eng\d
=016  7\$aCAT10677408$2DNAL
=035  \\$a500023
=035  \\$a(OCoLC)71023820
=035  \\$a(DNAL)500023-naldb-Voyager
=040  \\$aAGL$beng$cAGL$dOCLCQ$dOCLCO$dOCLCQ$dAGL
=049  \\$aRQIA
=070  0\$a1.9$bB52N
=072  \0$aP000
=110  1\$aUnited States.$bBureau of Biological Survey.$0http://id.loc.gov/authorities/names/n79006436
=245  10$aNorth America's waterfowl problem.
=260  \\$a[Place of publication not identified],$cApr. 23, 1934.
=300  \\$a3 leaves :$b[24] maps
=336  \\$atext$btxt$2rdacontent
=337  \\$aunmediated$bn$2rdamedia
=338  \\$avolume$bnc$2rdacarrier
=591  \\$bNAL Reclamation
=593  \\$fAgricola CAT
=650  \3$anatural resources.
=655  \3$aInternet resource.
=856  41$uhttps://archive.org/details/northamericaswat1934unit
=912  \\$analcatalog
=930  \\$a20140812$b20140905$c00000000
=945  \\$aDigiMet
=945  \\$p62
=946  \\$aUSDA
=994  \\$a92$bAGL

