=LDR  02229cam a2200601 a 4500
=001  9915445335207426
=005  20240620155411.0
=008  940328s1993\\\\dcua\\\\\\\\\f010\0\eng\\
=010  \\$a   94196998 
=016  7\$aCAT10659144$2DNAL
=019  \\$a1154184269
=035  \\$a605541
=035  \\$a(OCoLC)30041044$z(OCoLC)1154184269
=035  \\$a(DNAL)605541-naldb-Voyager
=035  \\$z(OCoLC)1154184269
=040  \\$aDNAL$beng$cDLC$dAGL$dBTCTA$dLUO$dOCLCO$dOCLCA$dOCLCF$dOCLCQ$dOCLCO$dOCLCQ$dOCLCA$dUAB
=042  \\$alccopycat
=043  \\$an-us---
=049  \\$aAGLL
=050  00$aS21$b.A46 no. 1507
=070  0\$a1$bAg84m no.1507
=072  \0$aA500
=072  \0$aQ000
=072  \0$aF000
=100  1\$aKelley, Hubert W.
=245  10$aAlways something new :$ba cavalcade of scientific discovery /$cHubert W. Kelley.
=260  \\$a[Washington, D.C.] :$bU.S. Dept. of Agriculture, Agricultural Research Service,$c[1993]
=300  \\$av, 150 pages :$billustrations ;$c22 x 29 cm.
=336  \\$atext$btxt$2rdacontent
=337  \\$aunmediated$bn$2rdamedia
=338  \\$avolume$bnc$2rdacarrier
=490  1\$aMiscellaneous publication ;$vno. 1507
=591  \\$bNAL Reclamation
=593  \\$fAgricola CAT
=610  10$aUnited States.$bAgricultural Research Service$xHistory.
=610  17$aUnited States.$bAgricultural Research Service$2fast$0(OCoLC)fst00537027
=650  \0$aAgriculture$xResearch$zUnited States$xHistory.
=650  \0$aCrops$xDevelopment$zUnited States.
=650  \0$aFarm produce$xResearch$zUnited States$xHistory.
=651  \7$aUnited States.$2fast$0(OCoLC)fst01204155
=655  \3$aInternet resource.
=655  \7$aHistory.$2fast$0(OCoLC)fst01411628
=710  1\$aUnited States.$bAgricultural Research Service.
=740  0\$aCavalcade of scientific discovery.
=830  \0$aMiscellaneous publication (United States. Department of Agriculture) ;$vno. 1507.
=856  41$uhttps://archive.org/details/alwayssomethingn1507kell
=912  \\$analcatalog
=930  \\$a20140305$b20140404$c00000000
=938  \\$aBaker and Taylor$bBTCP$n94196998
=939  \\$a19940504$b19940511$c00000000
=945  \\$dml$e94/03/28$fml$g94/04/04$n1
=945  \\$p164
=945  \\$aDigiMet
=946  \\$aUSDA
=994  \\$a92$bAGL

