=LDR  03043cam a2200673Ia 4500
=001  9915445369607426
=005  20240626133931.0
=008  791211m19769999laua\\\\\b\\\f000\0\eng\d
=016  7\$aCAT10533750$2DNAL
=019  \\$a5782372$a14036136$a1029994130$a1035248294
=035  \\$a605044
=035  \\$a(OCoLC)04820545$z(OCoLC)5782372$z(OCoLC)14036136$z(OCoLC)1029994130$z(OCoLC)1035248294
=035  \\$a(DNAL)605044-naldb-Voyager
=035  \\$z(OCoLC)5782372$z(OCoLC)14036136$z(OCoLC)1029994130$z(OCoLC)1035248294
=040  \\$aIPL$beng$cIPL$dGPO$dOCL$dUPM$dOCLCQ$dCOO$dAGL$dNRC$dOCLCQ$dOCLCF$dOCLCQ$dOCLCO$dCOF$dOKS$dFQG$dINT$dOCLCQ
=049  \\$aAGLL
=050  \0$aSB359$b.C96
=070  0\$aaSB359.C84$b1976
=072  \0$aF110
=074  \\$a22-A-3 (microfiche)
=086  0\$aA 106.2:C 89/pt.-
=086  0\$aA 77.15:S-155-157
=086  0\$aA 77.15:S-171
=086  0\$aA 106.2:C 89
=086  0\$aA 77.15:S-157
=245  00$aCultivation of neglected tropical fruits with promise.
=246  3\$aMangosteen
=246  3\$aCanistel and its relatives
=246  3\$aDurian
=246  3\$aPejibaye
=260  \\$aNew Orleans, La. :$bAgricultural Research (Southern region), Science and Education Administration, U.S. Dept. of Agriculture ;$aMayaguez, P.R. :$bAvailable form the Mayaguez Institute of Tropical Agriculture,$c[1976]-
=300  \\$a<4> volumes :$billustrations ;$c26 cm
=336  \\$atext$btxt$2rdacontent
=337  \\$aunmediated$bn$2rdamedia
=338  \\$avolume$bnc$2rdacarrier
=504  \\$aIncludes bibliographical references.
=505  0\$apt. 5. The canistel and its relatives -- pt. 6. The rambutan -- pt. 7. The durian -- pt. 8. The pejibaye
=530  \\$aAlso available on the Internet.
=588  0\$aPt. 7 and 8.
=591  \\$bNAL Reclamation
=593  \\$fAgricola CAT
=650  \0$aTropical fruit.$0http://id.loc.gov/authorities/subjects/sh85138056
=650  \3$atropical and subtropical fruits.
=655  \3$aInternet resource.
=710  1\$aUnited States.$bScience and Education Administration.$bAgricultural Research.$bSouthern Region.$0http://id.loc.gov/authorities/names/n79142079
=776  08$iOnline version:$tCultivation of neglected tropical fruits with promise.$dNew Orleans, La. : Agricultural Research (Southern region), Science and Education Administration, U.S. Dept. of Agriculture ; Mayaguez, P.R. : Available form the Mayaguez Institute of Tropical Agriculture, [1976]-$w(OCoLC)965811215
=830  \0$aARS-S ;$vno. 155, 156, 157, 171.
=856  \1$uhttp://hdl.handle.net/10113/365$zAvailable in the National Agricultural Library Digital Collections
=856  41$uhttps://archive.org/details/cultivationofneg155unit
=910  \\$aUSDA$bARS
=912  \\$analcatalog
=930  \\$a20140702$b20140807$c00000000
=939  \\$a20070620$b20070702$c00000000
=939  \\$a19940415$b19940418$c00000000
=945  \\$dDF$e94/03/24$fDF$g94/03/25
=945  \\$p28
=945  \\$aDigiMet
=946  \\$aUSDA
=959  \\$c2023-03-08$eaxu$glf
=959  \\$c2015-04-20$essouder$gother
=994  \\$a92$bAGL

