=LDR  01811cam a2200481Ia 4500
=001  9915445749607426
=005  20240624183220.0
=008  950127s1856\\\\nyu\\\\\\\\\\\000\0\eng\\
=010  \\$aagr26001124 
=016  7\$aCAT10890937$2DNAL
=035  \\$a668844
=035  \\$a(OCoLC)71063761
=035  \\$a(DNAL)668844-naldb-Voyager
=040  \\$aAGL$beng$cAGL$dIOQ$dAGL$dZQP$dOCLCF$dOCLCQ
=049  \\$aAGLL
=050  \0$aS75$b.P935
=070  0\$aSB211.Y3$bD57 1856
=245  00$aDioscorea batatas, or, New Chinese potato as cultivated at the nurseries of Wm. R. Prince & Co., Flushing, N.Y.
=246  30$aNew Chinese potato as cultivated at the nurseries of Wm. R. Prince & Co., Flushing, N.Y.
=250  \\$a[5th ed. ].
=260  \\$aNew York :$bBaker & Godwin, printer, No. 1 Spruce, St.,$c[1856]
=300  \\$a12 pages ;$c20 cm
=336  \\$atext$btxt$2rdacontent
=337  \\$aunmediated$bn$2rdamedia
=338  \\$avolume$bnc$2rdacarrier
=591  \\$bNAL Reclamation
=593  \\$fAgricola CAT
=650  \0$aYams.$0http://id.loc.gov/authorities/subjects/sh85148976
=650  \0$aDioscorea batatas.$0http://id.loc.gov/authorities/subjects/sh85038133
=650  \0$aPotatoes$xVarieties.$0http://id.loc.gov/authorities/subjects/sh85105663
=655  \3$aInternet resource.
=710  2\$aWm. R. Prince & Co.$0http://id.loc.gov/authorities/names/nr95021815
=856  41$uhttps://archive.org/details/dioscoreabatatas1856wmrp
=912  \\$analcatalog
=930  \\$a20171026$b20171115$c00000000
=939  \\$a20140808$b20140905$c00000000
=939  \\$a20140115$b20140207$c00000000
=939  \\$a20130730$b20130906$c00000000
=939  \\$a20121206$b20130104$c00000000
=945  \\$aDigiMet
=945  \\$p24
=946  \\$aOther US
=958  \\$be$c2012-12-06$dn$emlydon
=959  \\$c2014-01-15$essouder$gurl
=994  \\$a92$bAGL

