=LDR  01174cam a2200361Ia 4500
=001  9915445973307426
=005  20240620160800.0
=008  970416s1968\\\\pauab\\\\\\\\\000\0\eng\d
=016  7\$aCAT10825775$2DNAL
=035  \\$a(OCoLC)ocm04395420 970417
=035  \\$90825-77560
=035  \\$a794322
=035  \\$a(DNAL)794322-naldb-Voyager
=040  \\$aYNG$cYNG$dAGL
=049  \\$aAGLL
=070  0\$aA99.9$bF7622Uf no.11
=072  \0$aK530
=100  1\$aKingsley, Neal P.
=245  10$aPulpwood production in the Northeast, 1966 /$cby Neal P. Kingsley.
=260  \\$aUpper Darby, Pa. :$bNortheastern Forest Experiment Station,$c1968.
=300  \\$a33 p. :$bill., maps ;$c23 cm.
=490  1\$aU.S. Forest Service resource bulletin NE ;$v11
=500  \\$aCover title.
=593  \\$fAgricola CAT
=650  \0$aPulpwood$zUnited States.
=655  \3$aInternet resource
=830  \0$aU.S.D.A. Forest Service resource bulletin NE$v11.
=856  41$uhttps://archive.org/details/pulpwoodproducti11king
=912  \\$analcatalog
=930  \\$a20140207$b20140307$c00000000
=939  \\$a19970501$b19970508$c00000000
=945  \\$dJR$e97/04/16$fJR$g97/04/16$n1
=945  \\$p48
=945  \\$aDigiMet
=946  \\$aUSDA

