=LDR  01714cam a2200457Ia 4500
=001  9915445984107426
=005  20240620160804.0
=008  970416s1979\\\\pauab\\\\\\\\\000\0\eng\d
=016  7\$aCAT10825776$2DNAL
=035  \\$a794323
=035  \\$a(OCoLC)07230162
=035  \\$a(DNAL)794323-naldb-Voyager
=040  \\$aAAA$beng$cAAA$dOCL$dAGL$dOCLCQ$dSPI$dMTG$dOCLCQ$dOCLCF$dOCLCQ$dVA@$dAGM$dOCLCQ
=043  \\$an-use--
=049  \\$aAGLL
=050  \0$aSD144$b.A1243 no.60
=070  0\$aA99.9$bF7622Uf no.60
=072  \0$aK530
=086  0\$aA 13.80:NE-60
=100  1\$aNevel, Robert L.$0http://id.loc.gov/authorities/names/n81031344
=245  10$aNortheastern pulpwood, 1977 :$ban annual assessment of regional timber output /$cby Robert L. Nevel, Jr. and David R. Dickson.
=260  \\$aBroomall, Pa. :$bNortheastern Forest Experiment Station,$c1979.
=300  \\$a27 pages :$billustrations, maps ;$c26 cm
=336  \\$atext$btxt$2rdacontent
=337  \\$aunmediated$bn$2rdamedia
=338  \\$avolume$bnc$2rdacarrier
=490  1\$aUSDA Forest Service resource bulletin NE ;$v60
=591  \\$bNAL Reclamation
=593  \\$fAgricola CAT
=650  \0$aPulpwood.$0http://id.loc.gov/authorities/subjects/sh85109021
=651  \3$aNortheastern United States.
=655  \3$aInternet resource.
=700  1\$aDickson, David R.$0http://id.loc.gov/authorities/names/n84121830
=830  \0$aU.S.D.A. Forest Service resource bulletin NE ;$v60.
=856  41$uhttps://archive.org/details/northeasternpulp60neve
=912  \\$analcatalog
=930  \\$a20140207$b20140307$c00000000
=939  \\$a19970501$b19970508$c00000000
=945  \\$dJR$e97/04/16$fJR$g97/04/16$n1
=945  \\$p42
=945  \\$aDigiMet
=946  \\$aUSDA
=994  \\$a92$bAGL

