=LDR  01339cam a2200409Ia 4500
=001  9915446027707426
=005  20240620160835.0
=008  970416s1971\\\\pauab\\\\\\\\f000\0\eng\d
=016  7\$aCAT10825774$2DNAL
=035  \\$a(OCoLC)ocm03903907 970417
=035  \\$90825-77460
=035  \\$a794321
=035  \\$a(DNAL)794321-naldb-Voyager
=040  \\$aYGM$cYGM$dAGL
=043  \\$an-use--
=049  \\$aAGLL
=070  0\$aA99.9$bF7622Uf no.24
=072  \0$aK530
=100  1\$aBones, James T.
=245  10$aPulpwood production in the Northeast, 1970 /$cby James T. Bones and David R. Dickson.
=260  \\$aUpper Darby, Pa. :$bNortheastern Forest Experiment Station,$c1971.
=300  \\$a34 p. :$bill., map ;$c23 cm.
=440  \0$aU.S.D.A. Forest Service resource bulletin NE$v24
=500  \\$aCover title.
=500  \\$aChiefly tables.
=593  \\$fAgricola CAT
=650  \0$aPulpwood$zNortheastern States$xStatistics.
=650  \0$aWood-pulp industry$zNortheastern States.
=655  \3$aInternet resource
=700  1\$aDickson, David R.
=710  1\$aUnited States.$bForest Service.
=856  41$uhttps://archive.org/details/pulpwoodproducti24bone
=912  \\$analcatalog
=930  \\$a20140207$b20140307$c00000000
=939  \\$a19970501$b19970508$c00000000
=945  \\$dJR$e97/04/16$fJR$g97/04/16$n1
=945  \\$p52
=945  \\$aDigiMet
=946  \\$aUSDA

