=LDR  01434cas a2200397Ma 4500
=001  9915446342707426
=005  20240624183239.0
=008  800401c19669999mduuu\\\\\\\\f0\\\\0eng\d
=016  7\$aCAT10236931$2DNAL
=035  \\$a186205
=035  \\$a(OCoLC)1288986502
=035  \\$a(DNAL)186205-naldb-Voyager
=040  \\$aAGL$beng$cAGL
=049  \\$aAGLL
=070  0\$aA41.9$bR315Ar no. 56 etc.
=072  \0$aL833
=072  \0$a2000
=245  00$aCooperative State-Federal hog cholera eradication program; progress report.
=260  \\$aHyattsville, Md. :$bU. S. Agricultural Research Service, Animal Health Division.
=300  \\$av. :$bill.
=490  1\$aU.S. Agricultural Research Service. ARS 91-56
=591  \\$bNAL Reclamation
=593  \\$fAgricola CAT
=650  \0$aClassical swine fever$zUnited States$vPeriodicals.
=655  \3$aInternet resource.
=710  1\$aUnited States.$bAgricultural Research Service.$bAnimal Health Division.
=780  00$aUnited States. Agricultural Research Service.$tCooperative State-Federal hog cholera eradication program; progress report$w(OCoLC)50379677
=830  \0$aARS 91 ;$v56.
=856  41$uhttps://archive.org/details/cooperativestate9156unit
=912  \\$analcatalog
=930  \\$a20140411$b20140502$c00000000
=939  \\$a20100108$b20100205$c00000000
=945  \\$aDigiMet
=945  \\$p40
=946  \\$aUSDA
=959  \\$c2010-01-07$ecojoade$gtc
=959  \\$c2010-01-08$ecojoade$gother
=994  \\$a92$bAGL

