=LDR  02194cam a2200493 a 4500
=001  9915446355007426
=005  20240624183241.0
=008  800401s1969\\\\utua\\\\\b\\\f000\0\eng\d
=016  7\$aCAT10249603$2DNAL
=035  \\$a186700
=035  \\$a(OCoLC)631781616
=035  \\$a(DNAL)186700-naldb-Voyager
=040  \\$aMTG$beng$cMTG$dY4Z$dOCLCF$dOCLCQ$dAGM$dOCLCQ$dAGL
=049  \\$aAGLL
=070  \\$aA99.9$bF764Un no. 86
=072  \0$a7000
=086  0\$aA 13.79:INT-86
=100  1\$aBingham, Richard T.$0http://id.loc.gov/authorities/names/n81124784
=245  10$aAberrant cones in western white pine /$cR.T. Bingham, K.C. Wise and S.P. Wells.
=260  \\$aOgden, Utah :$bIntermountain Forest and Range Experiment Station, Forest Service, United States Department of Agriculture,$c1969.
=300  \\$a4 pages :$billustrations ;$c27 cm
=336  \\$atext$btxt$2rdacontent
=337  \\$aunmediated$bn$2rdamedia
=338  \\$avolume$bnc$2rdacarrier
=490  1\$aUSDA Forest Service research note INT ;$v86
=504  \\$aIncludes bibliographical references.
=591  \\$bNAL Reclamation
=593  \\$fAgricola CAT
=650  \0$aWestern white pine.$0http://id.loc.gov/authorities/subjects/sh85102293
=650  \0$aPine cones.$0http://id.loc.gov/authorities/subjects/sh85102209
=650  \3$aPinus monticola.
=655  \3$aInternet resource.
=700  1\$aWells, S. P.$0http://id.loc.gov/authorities/names/n82081514
=700  1\$aWise, K. C.
=710  1\$aUnited States.$bForest Service.$0http://id.loc.gov/authorities/names/n79054932
=710  2\$aIntermountain Forest and Range Experiment Station (Ogden, Utah)$0http://id.loc.gov/authorities/names/n79062786
=776  08$iOnline version:$aBingham, Richard T.$tAberrant cones in western white pine.$dOgden, Utah : Intermountain Forest and Range Experiment Station, Forest Service, United States Department of Agriculture, 1969$w(OCoLC)621540192
=830  \0$aUSDA Forest Service research note INT ;$v86.
=856  41$uhttps://archive.org/details/aberrantconesinw86bing
=912  \\$analcatalog
=930  \\$a20140604$b00000000$c00000000
=945  \\$aDigiMet
=945  \\$p12
=946  \\$aUSDA
=959  \\$c2014-06-04$earojas$gap
=994  \\$a92$bAGL

