=LDR  02193cam a2200505Ia 4500
=001  9915446361707426
=005  20240620160942.0
=008  800401s1968\\\\utu\\\\\\b\\\f000\0\eng\d
=016  7\$aCAT10249604$2DNAL
=019  \\$a1039813047$a1231825493
=035  \\$a186702
=035  \\$a(OCoLC)32150179$z(OCoLC)1039813047$z(OCoLC)1231825493
=035  \\$a(DNAL)186702-naldb-Voyager
=035  \\$z(OCoLC)1039813047$z(OCoLC)1231825493
=040  \\$aSDB$beng$cSDB$dNUI$dOCLCQ$dSEA$dOCLCF$dAGM$dAGL
=049  \\$aAGLL
=070  \\$aA99.9$bF764Un no. 81
=072  \0$a7000
=086  0\$aA 13.79:INT-81
=100  1\$aBingham, Richard T.$0http://id.loc.gov/authorities/names/n81124784
=245  10$aWestern white pine cones pollinated with 1- to 3-year-old pollens give good seed yields /$cR.T. Bingham and K.C. Wise.
=260  \\$aOgden, Utah :$bU.S. Dept. of Agriculture, Forest Service, Intermountain Forest & Range Experiment Station,$c1968.
=300  \\$a3 pages ;$c27 cm.
=336  \\$atext$btxt$2rdacontent
=337  \\$aunmediated$bn$2rdamedia
=338  \\$avolume$bnc$2rdacarrier
=490  1\$aU.S.D.A. Forest Service research note INT ;$v81
=504  \\$aIncludes bibliographical references.
=591  \\$bNAL Reclamation
=593  \\$fAgricola CAT
=650  \0$aWestern white pine$xSeeds.
=650  \0$aWestern white pine$xPollen.
=650  \0$aPine cones.$0http://id.loc.gov/authorities/subjects/sh85102209
=650  \3$aPinus monticola.
=650  \3$apollen germination.
=655  \3$aInternet resource.
=700  1\$aWise, K. C.
=710  2\$aIntermountain Forest and Range Experiment Station (Ogden, Utah)$0http://id.loc.gov/authorities/names/n79062786
=776  08$iOnline version:$aBingham, Richard T.$tWestern white pine cones pollinated with 1- to 3-year-old pollens give good seed yields.$dOgden, Utah : U.S. Dept. of Agriculture, Forest Service, Intermountain Forest & Range Experiment Station, 1968$w(OCoLC)621533146
=830  \0$aUSDA Forest Service research note INT ;$v81.
=856  41$uhttps://archive.org/details/westernwhitepine81bing
=912  \\$analcatalog
=930  \\$a20140604$b00000000$c00000000
=945  \\$aDigiMet
=945  \\$p10
=946  \\$aUSDA
=994  \\$a92$bAGL

