=LDR  01595cam a2200433Ma 4500
=001  9915446408907426
=005  20240624183232.0
=008  800401s1967\\\\dcua\\\\\\\\\f000\0\eng\d
=016  7\$aCAT10236826$2DNAL
=035  \\$a186004
=035  \\$a(OCoLC)85237374
=035  \\$a(DNAL)186004-naldb-Voyager
=040  \\$aWAU$beng$cWAU$dOCLCG$dOCLCO$dOCLCQ$dWAU$dOCLCA$dGZM$dOCLCQ$dAGL
=049  \\$aAGLL
=070  \\$aA280.39$bR31A no. 12
=072  \0$a1500
=086  0\$aA 77.15:51-12
=086  0\$aA 77.15:ARS-51-12
=100  1\$aStewart, Joseph K.,$d1925-$0http://id.loc.gov/authorities/names/no99045633
=245  10$aEffect of load pattern on transit temperatures and crushing of lettuce in transcontinental shipments /$cJoseph K. Stewart [and others].
=260  \\$a[Washington, D.C.?] :$bU.S. Dept. of Agriculture, Agricultural Research Service,$c1967.
=300  \\$a8 pages :$billustrations ;$c26 cm
=336  \\$atext$btxt$2rdacontent
=337  \\$aunmediated$bn$2rdamedia
=338  \\$avolume$bnc$2rdacarrier
=490  1\$aARS ;$v51-12
=591  \\$bNAL Reclamation
=593  \\$fAgricola CAT
=650  \0$aLettuce$xTransportation.
=650  \0$aLettuce$xEffect of temperature on.
=655  \3$aInternet resource.
=710  1\$aUnited States.$bAgricultural Research Service.
=830  \0$aARS (Series) (United States. Agricultural Research Service) ;$v51-12.
=856  41$uhttps://archive.org/details/effectofloadpatt12stew
=912  \\$analcatalog
=930  \\$a20140306$b20140404$c00000000
=945  \\$aDigiMet
=945  \\$p12
=946  \\$aUSDA
=959  \\$c2014-03-06$earojas$gap
=994  \\$a92$bAGL

