=LDR  01929cam a2200469Ia 4500
=001  9915446413907426
=005  20240620161003.0
=008  800401s1967\\\\utua\\\\\b\\\f000\0\eng\d
=016  7\$aCAT10237269$2DNAL
=035  \\$a186862
=035  \\$a(OCoLC)32180168
=035  \\$a(DNAL)186862-naldb-Voyager
=040  \\$aSDB$beng$cSDB$dOCLCG$dNUI$dOCLCQ$dSEA$dOCLCF$dAGM$dAGL
=049  \\$aAGLL
=070  \\$aA99.9$bF764Un no. 65
=072  \0$a1500
=086  0\$aA 13.79:INT-65
=100  1\$aBenson, Robert Earl,$d1931-$0http://id.loc.gov/authorities/names/n80038576
=245  10$aMarket trends for western white pine /$cRobert E. Benson and Larry L. Kirkwold.
=260  \\$aOgden, Utah :$bU.S. Dept. of Agriculture, Forest Service, Intermountain Forest & Range Experiment Station,$c1967.
=300  \\$a8 pages :$billustrations ;$c27 cm.
=336  \\$atext$btxt$2rdacontent
=337  \\$aunmediated$bn$2rdamedia
=338  \\$avolume$bnc$2rdacarrier
=490  1\$aU.S. Forest Service research note INT ;$v65
=504  \\$aIncludes bibliographical references.
=591  \\$bNAL Reclamation
=593  \\$fAgricola CAT
=650  \0$aWestern white pine$xUtilization.
=650  \0$aLumber$xPrices.
=650  \0$aLumber$xMarketing.
=650  \3$aPinus monticola.
=655  \3$aInternet resource.
=700  1\$aKirkwold, Larry L.
=710  2\$aIntermountain Forest and Range Experiment Station (Ogden, Utah)$0http://id.loc.gov/authorities/names/n79062786
=776  08$iOnline version:$aBenson, Robert Earl, 1931-$tMarket trends for western white pine.$dOgden, Utah : U.S. Dept. of Agriculture, Forest Service, Intermountain Forest & Range Experiment Station, 1967$w(OCoLC)630470815
=830  \0$aU.S. Forest Service research note INT ;$v65.
=856  41$uhttps://archive.org/details/markettrendsforw65bens
=912  \\$analcatalog
=930  \\$a20140604$b00000000$c00000000
=945  \\$aDigiMet
=945  \\$p12
=946  \\$aUSDA
=994  \\$a92$bAGL

