=LDR  01057cam a2200337M  4500
=001  9915446423307426
=005  20240624183232.0
=008  800401s1967\\\\dcu\\\\\\\\\\\000\0\eng\d
=016  7\$aCAT10236996$2DNAL
=035  \\$a186328
=035  \\$a(OCoLC)1289114180
=035  \\$a(DNAL)186328-naldb-Voyager
=040  \\$aAGL$beng$cAGL
=049  \\$aAGLL
=070  \\$a1$bAg84M no. 1058
=072  \0$a4500
=110  1\$aUnited States.$bForest Service.
=245  10$aWomen's work in the Forest Service.
=260  \\$a[Washington,$bU.S. Govt. Print. Off.$c1967]
=300  \\$a[8] p.
=490  1\$aU.S. Dept. of Agriculture. Miscellaneous publication no. 1058
=591  \\$bNAL Reclamation
=593  \\$fAgricola CAT
=655  \3$aInternet resource.
=830  \0$aMiscellaneous publication (United States. Department of Agriculture) ;$vno. 1058.
=856  41$uhttps://archive.org/details/womensworkinfore1058unit
=912  \\$analcatalog
=930  \\$a20140306$b00000000$c00000000
=945  \\$aDigiMet
=945  \\$p12
=946  \\$aUSDA
=959  \\$c2014-03-06$earojas$gap
=994  \\$a92$bAGL

