=LDR  02385cam a2200517Ia 4500
=001  9915446425307426
=005  20240624183238.0
=008  800401s1968\\\\utua\\\\\\\\\f000\0\eng\d
=016  7\$aCAT10249588$2DNAL
=019  \\$a1039885029$a1231828686
=035  \\$a186672
=035  \\$a(OCoLC)32150151$z(OCoLC)1039885029$z(OCoLC)1231828686
=035  \\$a(DNAL)186672-naldb-Voyager
=035  \\$z(OCoLC)1039885029$z(OCoLC)1231828686
=040  \\$aSDB$beng$cSDB$dNUI$dOCLCQ$dOCLCF$dOCLCQ$dSEA$dAGM$dAGL
=049  \\$aAGLL
=070  \\$aA99.9$bF764Un no. 83
=072  \0$a3000
=086  0\$aA 13.79:INT-83
=100  1\$aBenson, Robert Earl,$d1931-$0http://id.loc.gov/authorities/names/n80038576
=245  10$aFactors that affect choice of shelving materials in single-family homes /$cRobert E. Benson and John R. Host.
=260  \\$aOgden, Utah :$bU.S. Dept. of Agriculture, Forest Service, Intermountain Forest & Range Experiment Station,$c1968.
=300  \\$a6 pages :$billustrations ;$c27 cm.
=336  \\$atext$btxt$2rdacontent
=337  \\$aunmediated$bn$2rdamedia
=338  \\$avolume$bnc$2rdacarrier
=490  1\$aU.S.D.A. Forest Service research note INT ;$v83
=591  \\$bNAL Reclamation
=593  \\$fAgricola CAT
=650  \0$aShelving (Furniture)$0http://id.loc.gov/authorities/subjects/sh85121324
=650  \0$aLumber.$0http://id.loc.gov/authorities/subjects/sh85078804
=650  \0$aParticle board.$0http://id.loc.gov/authorities/subjects/sh85098363
=650  \0$aPlywood.$0http://id.loc.gov/authorities/subjects/sh85103600
=650  \3$alumber.
=650  \3$aconstruction technology.
=655  \3$aInternet resource.
=700  1\$aHost, John R.$0http://id.loc.gov/authorities/names/n83128671
=710  2\$aIntermountain Forest and Range Experiment Station (Ogden, Utah)$0http://id.loc.gov/authorities/names/n79062786
=776  08$iOnline version:$aBenson, Robert E.$tFactors that affect choice of shelving materials in single-family homes.$dOgden, Utah : U.S. Dept. of Agriculture, Forest Service, Intermountain Forest & Range Experiment Station, 1968$w(OCoLC)624552271
=830  \0$aUSDA Forest Service research note INT ;$v83.
=856  41$uhttps://archive.org/details/factorsthataffec83bens
=912  \\$analcatalog
=930  \\$a20140604$b00000000$c00000000
=945  \\$aDigiMet
=945  \\$p12
=946  \\$aUSDA
=959  \\$c2014-06-04$earojas$gap
=994  \\$a92$bAGL

