=LDR  01790cam a2200493Ia 4500
=001  9915446427407426
=005  20240624183234.0
=008  800401s1969\\\\dcua\\\\\b\\\f000\0\eng\d
=016  7\$aCAT10249684$2DNAL
=035  \\$a186861
=035  \\$a(OCoLC)70170740
=035  \\$a(DNAL)186861-naldb-Voyager
=040  \\$aIWA$beng$cIWA$dOCLCF$dOCLCO$dOCLCQ$dOCLCA$dAGL
=049  \\$aAGLL
=050  \0$aSB945.H28$bB87x 1969
=070  0\$aA420$bR31 no. 134
=072  \0$a3500
=086  0\$aA 77.15:33-134
=100  1\$aBurton, R. L.$q(Robert Lee),$d1936-
=245  10$aMass rearing the corn earworm in the laboratory /$cby [R.L. Burton].
=260  \\$a[Washington, D.C.?] :$bU.S. Dept. of Agriculture, Agricultural Research Service,$c[1969]
=300  \\$a8 pages :$billustrations ;$c26 cm.
=336  \\$atext$btxt$2rdacontent
=337  \\$aunmediated$bn$2rdamedia
=338  \\$avolume$bnc$2rdacarrier
=490  1\$aARS ;$v33-134
=504  \\$aIncludes bibliographical references (pages 7-8).
=530  \\$aAlso available online.
=591  \\$bNAL Reclamation
=593  \\$fAgricola CAT
=650  \0$aHeliothis zea.$0http://id.loc.gov/authorities/subjects/sh85060038
=650  \0$aInsect rearing.$0http://id.loc.gov/authorities/subjects/sh85066653
=655  \3$aInternet resource.
=710  1\$aUnited States.$bAgricultural Research Service.
=830  \0$aARS (Series) (United States. Agricultural Research Service) ;$v33-134.
=856  41$uhttps://archive.org/details/massrearingcorne134burt
=912  \\$analcatalog
=930  \\$a20201013$b00000000$c00000000
=939  \\$a20140411$b20140502$c00000000
=939  \\$a20131022$b20131101$c00000000
=945  \\$aDigiMet
=945  \\$p12
=946  \\$aUSDA
=959  \\$c2013-10-22$essouder$gurl
=959  \\$c2020-10-13$ecbarone$gother
=994  \\$a92$bAGL

