=LDR  01578cam a2200445Ma 4500
=001  9915446450407426
=005  20240624183233.0
=008  800401s1967\\\\dcu\\\\\\\\\\f000\0\eng\d
=016  7\$aCAT10236827$2DNAL
=035  \\$a186006
=035  \\$a(OCoLC)85237370
=035  \\$a(DNAL)186006-naldb-Voyager
=040  \\$aWAU$beng$cWAU$dOCLCG$dOCLCO$dOCLCQ$dWAU$dEEM$dOCLCO$dOCLCF$dOCLCA$dGZM$dOCLCQ$dAGL
=049  \\$aAGLL
=070  \\$aA280.39$bR31A no. 11
=072  \0$a1500
=086  0\$aA 77.15:51-11
=086  0\$aA 77.15:ARS-51-11
=100  1\$aStewart, Joseph K.,$d1925-$0http://id.loc.gov/authorities/names/no99045633
=245  10$aMarket quality of film-wrapped and naked-packed head lettuce /$cJoseph K. Stewart [and others].
=260  \\$a[Washington, D.C.?] :$bU.S. Dept. of Agriculture, Agricultural Research Service,$c1967.
=300  \\$a8 pages ;$c26 cm
=336  \\$atext$btxt$2rdacontent
=337  \\$aunmediated$bn$2rdamedia
=338  \\$avolume$bnc$2rdacarrier
=490  1\$aARS ;$v51-11
=591  \\$bNAL Reclamation
=593  \\$fAgricola CAT
=650  \0$aLettuce$xPackaging.
=650  \0$aLettuce$xTransportation.
=650  \0$aLettuce$xMarketing.
=655  \3$aInternet resource.
=710  1\$aUnited States.$bAgricultural Research Service.
=830  \0$aARS (Series) (United States. Agricultural Research Service) ;$v51-11.
=856  41$uhttps://archive.org/details/marketqualityoff11stew
=912  \\$analcatalog
=930  \\$a20140306$b20140404$c00000000
=945  \\$aDigiMet
=945  \\$p12
=946  \\$aUSDA
=959  \\$c2014-03-06$earojas$gap
=994  \\$a92$bAGL

