=LDR  01948cam a2200493Ma 4500
=001  9915446455407426
=005  20240624183235.0
=008  800401s1967\\\\mdua\\\\\\\\\f000\0\eng\d
=016  7\$aCAT10236828$2DNAL
=035  \\$a186008
=035  \\$a(OCoLC)85237377
=035  \\$a(DNAL)186008-naldb-Voyager
=040  \\$aWAU$beng$cWAU$dOCLCG$dOCLCO$dOCLCQ$dWAU$dEEM$dOCLCO$dOCLCA$dOCLCF$dGZM$dOCLCQ$dAGL
=049  \\$aAGLL
=070  0\$aA280.39$bR31A no. 13
=072  \0$a1500
=086  0\$aA 77.15:51-13
=086  0\$aA 77.15:ARS-51-13
=100  1\$aStewart, Joseph K.,$d1925-$0http://id.loc.gov/authorities/names/no99045633
=245  10$aTemperatures, relative humidity, and atmosphere composition in a mechanically refrigerated car and a trailer loaded with lettuce /$cJoseph K. Stewart and John M. Harvey.
=260  \\$aBeltsville, Md. :$bU.S. Dept. of Agriculture, Agricultural Research Service,$c1967.
=300  \\$a8 pages :$billustrations ;$c26 cm
=336  \\$atext$btxt$2rdacontent
=337  \\$aunmediated$bn$2rdamedia
=338  \\$avolume$bnc$2rdacarrier
=490  1\$aARS ;$v51-13
=591  \\$bNAL Reclamation
=593  \\$fAgricola CAT
=650  \0$aLettuce$xEffect of temperature on.$0http://id.loc.gov/authorities/subjects/sh85076255
=650  \0$aLettuce$xHandling.
=650  \0$aLettuce$xCooling.
=655  \3$aInternet resource.
=700  1\$aHarvey, John M.,$d1921-$0http://id.loc.gov/authorities/names/n82228374
=710  1\$aUnited States.$bAgricultural Research Service.
=830  \0$aARS (Series) (United States. Agricultural Research Service) ;$v51-12.
=856  41$uhttps://archive.org/details/temperaturesrela13stew
=912  \\$analcatalog
=930  \\$a20140305$b20140404$c00000000
=939  \\$a20131220$b20140103$c00000000
=945  \\$aDigiMet
=945  \\$p16
=946  \\$aUSDA
=959  \\$c2013-12-20$ejgilbert$gaccadd
=959  \\$c2013-12-20$ejgilbert$gde
=959  \\$c2013-12-20$ejgilbert$gsubjadd
=994  \\$a92$bAGL

