=LDR  01886cam a2200469 i 4500
=001  9915446585907426
=005  20240624183245.0
=008  800401s1969\\\\dcu\\\\\\\\\\f000\0\eng\d
=016  7\$aCAT10249619$2DNAL
=035  \\$a186731
=035  \\$a(OCoLC)1225938566
=035  \\$a(DNAL)186731-naldb-Voyager
=040  \\$aKUK$beng$erda$cKUK$dOCLCO$dOCLCF$dAGL
=049  \\$aAGLL
=070  0\$aA381$bR31 no. 68
=072  \0$a2500
=086  0\$aA 77.15:72-68
=100  1\$aBlock, Seymour Stanton,$d1918-$0http://id.loc.gov/authorities/names/n83015341
=245  14$aThe evaluation of selected naval stores derivatives as agricultural chemicals /$cby Seymour S. Block, Walter H. Schuller, Jacob C. Minor, and Ray V. Lawrence.
=246  3\$aThe evaluation of selected naval stores derivitives as agricultural chemicals
=264  \1$a[Washington?] :$bAgricultural Research Service, United States Department of Agriculture,$c[1969]
=300  \\$a22 pages ;$c27 cm
=336  \\$atext$btxt$2rdacontent
=337  \\$aunmediated$bn$2rdamedia
=338  \\$avolume$bnc$2rdacarrier
=490  1\$aU.S. Agricultural Research Service. ARS 72-68
=591  \\$bNAL Reclamation
=593  \\$fAgricola CAT
=650  \0$aNaval stores.$0http://id.loc.gov/authorities/subjects/sh85090408
=650  \0$aAgricultural chemicals.$0http://id.loc.gov/authorities/subjects/sh85002279
=655  \3$aInternet resource.
=710  1\$aUnited States.$bAgricultural Research Service.$0http://id.loc.gov/authorities/names/n79108942
=830  \0$aARS 72 ;$v68.
=856  41$uhttps://archive.org/details/evaluationofsele7268bloc
=912  \\$analcatalog
=930  \\$a20140115$b20140207$c00000000
=939  \\$a20130315$b20130404$c00000000
=945  \\$aDigiMet
=945  \\$p32
=946  \\$aUSDA
=959  \\$c2014-01-15$essouder$gurl
=959  \\$c2013-03-15$ejgilbert$gsubjadd
=959  \\$c2013-03-15$ejgilbert$gde
=994  \\$a92$bAGL

