=LDR  01194cam a2200337M  4500
=001  9915446602807426
=005  20240624183230.0
=008  800401s1969\\\\oru\\\\\\\\\\\000\0\eng\d
=016  7\$aCAT10249631$2DNAL
=035  \\$a186755
=035  \\$a(OCoLC)1289049035
=035  \\$a(DNAL)186755-naldb-Voyager
=040  \\$aAGL$beng$cAGL
=049  \\$aAGLL
=070  \\$aA99.9$bF7625U no. 103
=072  \0$a8000
=100  1\$aBollen, W. B.
=245  10$aInfluence of Sitka alder on soil formation and microbiological succession on a landslide of alpine origin at Mount Rainier.
=260  \\$a[Portland]$c1969.
=300  \\$a4 p.$billus.
=490  1\$aU.S. Pacific Northwest Forest and Range Experiment Station. U.S.D.A. Forest Service research note. PNW-103
=591  \\$bNAL Reclamation
=593  \\$fAgricola CAT
=655  \3$aInternet resource.
=810  2\$aPacific Northwest Forest and Range Experiment Station (Portland, Or.).$tU.S.D.A. Forest Service research note.$vPNW-103.
=856  41$uhttps://archive.org/details/influenceofsitka103boll
=912  \\$analcatalog
=930  \\$a20140506$b00000000$c00000000
=945  \\$aDigiMet
=945  \\$p10
=946  \\$aUSDA
=959  \\$c2014-05-06$earojas$gap
=994  \\$a92$bAGL

