=LDR  00919cas a22003012  4500
=001  9915446979007426
=005  20240624183258.0
=008  001031d19uu19uuxxuuu\\\\\\\\f0\\\\1eng\d
=016  7\$aCAT11087127$2DNAL
=035  \\$91087-12760
=035  \\$a858165
=035  \\$a(DNAL)858165-naldb-Voyager
=040  \\$aAGL$dAGL
=049  \\$aRQIC
=070  0\$a1$bP96S
=110  1\$aUnited States.$bDepartment of Agriculture.$bDivision of Publications.
=245  10$aService and regulatory announcements.
=362  1\$aCeased.
=500  \\$aNAL holdings: 1914-
=593  \\$fAgricola CAT
=650  \0$aAgriculture$zUnited States$vPeriodicals.
=856  41$uhttps://archive.org/details/usda-serviceregulatoryannouncements
=912  \\$analcatalog
=930  \\$a20140522$b20140606$c00000000
=945  \\$aDigiMet
=945  \\$vpt. 1
=945  \\$p34
=946  \\$aUSDA
=959  \\$c2014-10-03$essouder$gurl
=959  \\$c2013-04-02$essouder$gap
=959  \\$c2014-05-22$ergallett$gaccadd

