=LDR  02835cas a2200649I  4500
=001  9915447057707426
=005  20240624183253.0
=008  001031d191419uudcuuu\m\\\\\\f0\\\\0eng\\
=010  \\$aagr14000383 
=016  7\$aCAT11087128$2DNAL
=019  \\$a840399443$a1026746054
=035  \\$a858166
=035  \\$a(OCoLC)04300136$z(OCoLC)840399443$z(OCoLC)1026746054
=035  \\$a(DNAL)858166-naldb-Voyager
=035  \\$z(OCoLC)840399443$z(OCoLC)1026746054
=040  \\$aDLC$beng$cYQR$dYQR$dLHL$dOCLCO$dOCLCF$dOCLCO$dTKN$dOCLCQ$dAGL
=043  \\$an-us---
=049  \\$aAGLL
=050  00$aSB19$b.A86
=070  0\$a1$bF31S
=086  0\$aA 77.308:
=086  0\$aA 35.9:
=086  0\$aA 48.7:
=086  0\$aA 56.14:
=110  1\$aUnited States.$bBureau of Entomology and Plant Quarantine.$0http://id.loc.gov/authorities/names/n82115277
=245  10$aService and regulatory announcements.
=260  \\$a[Washington]$b[U.S. Govt. Print. Off.],$c[1914]-
=300  \\$avolumes$bmaps (some folded)$c23 cm
=336  \\$atext$btxt$2rdacontent
=337  \\$aunmediated$bn$2rdamedia
=338  \\$avolume$bnc$2rdacarrier
=362  0\$ano. 1- Jan. 1914-
=362  1\$aCeased in 1964?
=550  \\$aNos. 1-95 issued by Federal horticultural board; no. 96-111 issued by Plant quarantine and control administration; no. 112-119 issued by Bureau of plant quarantine.
=580  \\$aSupplements of no. 77, 85, 89, 93 and 97 are Annual letter of information no. 37-41, "Pests collected from imported plants and plant products ... 1923-1928."
=580  \\$aHave also unnumbered supplements: 1929, List of pests intercepted on imported plants and plant products. Dec. 1930; 1930- List of intercepted plant pests. Mar. 1932-
=591  \\$bNAL Reclamation
=593  \\$fAgricola CAT
=650  \0$aNurseries (Horticulture)$xLaw and legislation.$0http://id.loc.gov/authorities/subjects/sh85093321
=650  \3$anursery stock.
=650  \3$aplant diseases and disorders.
=650  \3$ainsects.
=655  \3$aInternet resource.
=770  1\$aPests collected from imported plants and plant products$g1923-1928
=770  1\$aList of pests intercepted on imported plants and plant products$gDec. 1930
=770  1\$aList of intercepted plant pests$gMar. 1932-
=776  08$iOnline version:$aUnited States. Bureau of Entomology and Plant Quarantine.$tService and regulatory announcements$w(OCoLC)706870831
=856  41$uhttps://archive.org/details/usda-serviceandregulatoryannouncementsentomology
=912  \\$analcatalog
=930  \\$a20191227$b20200106$c00000000
=939  \\$a20140603$b20140704$c00000000
=939  \\$a20130514$b20130607$c00000000
=945  \\$aDigiMet
=945  \\$p106
=945  \\$aDigiMet
=945  \\$p56
=945  \\$aDigiMet
=945  \\$p60
=945  \\$aDigiMet
=945  \\$p24
=945  \\$aDigiMet
=945  \\$p16
=945  \\$aDigiMet
=945  \\$p40
=945  \\$aDigiMet
=945  \\$p30
=945  \\$aDigiMet
=945  \\$p106
=945  \\$aDigiMet
=945  \\$p60
=945  \\$aDigiMet
=945  \\$p30
=945  \\$aDigiMet
=945  \\$p14
=945  \\$aDigiMet
=945  \\$p80
=945  \\$aDigiMet
=945  \\$p138
=945  \\$aDigiMet
=945  \\$p12
=945  \\$aDigiMet
=945  \\$p44
=945  \\$aDigiMet
=945  \\$p48
=945  \\$aDigiMet
=945  \\$p56
=945  \\$aDigiMet
=945  \\$p10
=945  \\$aDigiMet
=945  \\$p76
=945  \\$aDigiMet
=945  \\$p44
=945  \\$aDigiMet
=945  \\$p130
=945  \\$aDigiMet
=945  \\$p30
=945  \\$aDigiMet
=945  \\$p58
=945  \\$aDigiMet
=945  \\$p40
=945  \\$aDigiMet
=945  \\$p48
=945  \\$aDigiMet
=945  \\$p52
=945  \\$aDigiMet
=945  \\$p24
=945  \\$aDigiMet
=945  \\$p20
=945  \\$aDigiMet
=945  \\$p20
=945  \\$aDigiMet
=945  \\$p72
=945  \\$aDigiMet
=945  \\$p46
=945  \\$aDigiMet
=945  \\$p54
=945  \\$aDigiMet
=945  \\$p68
=945  \\$aDigiMet
=945  \\$p62
=945  \\$aDigiMet
=945  \\$p28
=945  \\$aDigiMet
=945  \\$p56
=945  \\$aDigiMet
=945  \\$p130
=945  \\$aDigiMet
=945  \\$p58
=945  \\$aDigiMet
=945  \\$p52
=945  \\$aDigiMet
=945  \\$p24
=945  \\$aDigiMet
=945  \\$p102
=945  \\$aDigiMet
=945  \\$p96
=945  \\$aDigiMet
=945  \\$p36
=945  \\$aDigiMet
=945  \\$p20
=945  \\$aDigiMet
=945  \\$p68
=945  \\$aDigiMet
=945  \\$p36
=945  \\$aDigiMet
=945  \\$p12
=945  \\$aDigiMet
=945  \\$p14
=945  \\$aDigiMet
=945  \\$p10
=945  \\$aDigiMet
=945  \\$p44
=945  \\$aDigiMet
=945  \\$p14
=945  \\$aDigiMet
=945  \\$p28
=945  \\$aDigiMet
=945  \\$p34
=945  \\$aDigiMet
=945  \\$p112
=945  \\$aDigiMet
=945  \\$p32
=945  \\$aDigiMet
=945  \\$p56
=945  \\$aDigiMet
=945  \\$p58
=945  \\$aDigiMet
=945  \\$p24
=945  \\$aDigiMet
=945  \\$p10
=945  \\$aDigiMet
=945  \\$p40
=945  \\$aDigiMet
=945  \\$p104
=945  \\$aDigiMet
=945  \\$p12
=945  \\$aDigiMet
=945  \\$p76
=945  \\$aDigiMet
=945  \\$p32
=945  \\$aDigiMet
=945  \\$p12
=945  \\$aDigiMet
=945  \\$p24
=945  \\$aDigiMet
=945  \\$p84
=945  \\$aDigiMet
=945  \\$p42
=945  \\$aDigiMet
=945  \\$p46
=945  \\$aDigiMet
=945  \\$p18
=945  \\$aDigiMet
=945  \\$p24
=945  \\$aDigiMet
=945  \\$p58
=945  \\$aDigiMet
=945  \\$p26
=945  \\$aDigiMet
=945  \\$p48
=945  \\$aDigiMet
=945  \\$p30
=945  \\$aDigiMet
=945  \\$p66
=945  \\$aDigiMet
=945  \\$p70
=945  \\$aDigiMet
=945  \\$p44
=945  \\$aDigiMet
=945  \\$p88
=945  \\$aDigiMet
=945  \\$p16
=945  \\$aDigiMet
=945  \\$p28
=945  \\$aDigiMet
=945  \\$p66
=945  \\$aDigiMet
=945  \\$p76
=945  \\$aDigiMet
=945  \\$p8
=945  \\$aDigiMet
=945  \\$p38
=945  \\$aDigiMet
=945  \\$p46
=945  \\$aDigiMet
=945  \\$p30
=945  \\$aDigiMet
=945  \\$p14
=945  \\$aDigiMet
=945  \\$p50
=945  \\$aDigiMet
=945  \\$p64
=945  \\$aDigiMet
=945  \\$p12
=945  \\$aDigiMet
=945  \\$p18
=945  \\$aDigiMet
=945  \\$p96
=945  \\$aDigiMet
=945  \\$p74
=945  \\$aDigiMet
=945  \\$p74
=945  \\$aDigiMet
=945  \\$p74
=945  \\$aDigiMet
=945  \\$p38
=945  \\$aDigiMet
=945  \\$p28
=945  \\$aDigiMet
=945  \\$p26
=945  \\$aDigiMet
=945  \\$p60
=945  \\$aDigiMet
=945  \\$p26
=945  \\$aDigiMet
=945  \\$p22
=945  \\$aDigiMet
=945  \\$p24
=945  \\$aDigiMet
=945  \\$p18
=945  \\$aDigiMet
=945  \\$p52
=945  \\$aDigiMet
=945  \\$p36
=945  \\$aDigiMet
=945  \\$p26
=945  \\$aDigiMet
=945  \\$p68
=945  \\$aDigiMet
=945  \\$p16
=945  \\$aDigiMet
=945  \\$p32
=945  \\$aDigiMet
=945  \\$p18
=945  \\$aDigiMet
=945  \\$p36
=945  \\$aDigiMet
=945  \\$p10
=945  \\$aDigiMet
=945  \\$p32
=945  \\$aDigiMet
=945  \\$p20
=945  \\$aDigiMet
=945  \\$p36
=945  \\$aDigiMet
=945  \\$p74
=945  \\$aDigiMet
=945  \\$p104
=945  \\$aDigiMet
=945  \\$p14
=945  \\$aDigiMet
=945  \\$p50
=945  \\$aDigiMet
=945  \\$p70
=945  \\$aDigiMet
=945  \\$p48
=945  \\$aDigiMet
=945  \\$p32
=945  \\$aDigiMet
=945  \\$p64
=945  \\$aDigiMet
=945  \\$p8
=945  \\$aDigiMet
=945  \\$p8
=945  \\$aDigiMet
=945  \\$p44
=945  \\$aDigiMet
=945  \\$p44
=945  \\$aDigiMet
=945  \\$p28
=945  \\$aDigiMet
=945  \\$p24
=945  \\$aDigiMet
=945  \\$p16
=945  \\$aDigiMet
=945  \\$p24
=945  \\$aDigiMet
=945  \\$p48
=945  \\$aDigiMet
=945  \\$p6
=945  \\$aDigiMet
=945  \\$p44
=945  \\$aDigiMet
=945  \\$p22
=945  \\$aDigiMet
=945  \\$p16
=945  \\$aDigiMet
=945  \\$p46
=945  \\$aDigiMet
=945  \\$p88
=945  \\$aDigiMet
=945  \\$p32
=945  \\$aDigiMet
=945  \\$p116
=945  \\$aDigiMet
=945  \\$p22
=945  \\$aDigiMet
=945  \\$p56
=945  \\$aDigiMet
=945  \\$p44
=945  \\$aDigiMet
=945  \\$p30
=945  \\$aDigiMet
=945  \\$p50
=945  \\$aDigiMet
=945  \\$p32
=945  \\$aDigiMet
=945  \\$p14
=945  \\$aDigiMet
=945  \\$p64
=945  \\$aDigiMet
=945  \\$p10
=945  \\$aDigiMet
=945  \\$p52
=945  \\$aDigiMet
=945  \\$p44
=945  \\$aDigiMet
=945  \\$p8
=945  \\$aDigiMet
=945  \\$p94
=945  \\$aDigiMet
=945  \\$p12
=945  \\$aDigiMet
=945  \\$p26
=945  \\$aDigiMet
=945  \\$p60
=945  \\$aDigiMet
=945  \\$p34
=945  \\$aDigiMet
=945  \\$p70
=945  \\$aDigiMet
=945  \\$p50
=945  \\$aDigiMet
=945  \\$p58
=945  \\$aDigiMet
=945  \\$p22
=945  \\$aDigiMet
=945  \\$p26
=945  \\$aDigiMet
=945  \\$p20
=945  \\$aDigiMet
=945  \\$p8
=945  \\$aDigiMet
=945  \\$p52
=945  \\$aDigiMet
=945  \\$p28
=945  \\$aDigiMet
=945  \\$p52
=945  \\$aDigiMet
=945  \\$p68
=945  \\$aDigiMet
=945  \\$p46
=945  \\$aDigiMet
=945  \\$p80
=945  \\$aDigiMet
=945  \\$p52
=945  \\$aDigiMet
=945  \\$p20
=945  \\$aDigiMet
=945  \\$p12
=945  \\$aDigiMet
=945  \\$p26
=945  \\$aDigiMet
=945  \\$p26
=945  \\$aDigiMet
=945  \\$p46
=945  \\$aDigiMet
=945  \\$p180
=945  \\$aDigiMet
=945  \\$p56
=945  \\$aDigiMet
=945  \\$p28
=945  \\$aDigiMet
=945  \\$p32
=945  \\$aDigiMet
=945  \\$p62
=945  \\$aDigiMet
=945  \\$p68
=945  \\$aDigiMet
=945  \\$p68
=945  \\$aDigiMet
=945  \\$p46
=945  \\$aDigiMet
=945  \\$p46
=945  \\$aDigiMet
=945  \\$p32
=945  \\$aDigiMet
=945  \\$p12
=945  \\$aDigiMet
=945  \\$p64
=945  \\$aDigiMet
=945  \\$p24
=945  \\$aDigiMet
=945  \\$p16
=945  \\$aDigiMet
=945  \\$p68
=945  \\$aDigiMet
=945  \\$p32
=945  \\$aDigiMet
=945  \\$p8
=945  \\$aDigiMet
=945  \\$p24
=945  \\$aDigiMet
=945  \\$p30
=945  \\$aDigiMet
=945  \\$p118
=945  \\$aDigiMet
=945  \\$p76
=945  \\$aDigiMet
=945  \\$p50
=945  \\$aDigiMet
=945  \\$p64
=945  \\$aDigiMet
=945  \\$p32
=945  \\$aDigiMet
=945  \\$p6
=945  \\$aDigiMet
=945  \\$p20
=945  \\$aDigiMet
=945  \\$p32
=945  \\$aDigiMet
=945  \\$p10
=945  \\$aDigiMet
=945  \\$p68
=945  \\$aDigiMet
=945  \\$p82
=945  \\$aDigiMet
=945  \\$p74
=945  \\$aDigiMet
=945  \\$p82
=945  \\$aDigiMet
=945  \\$p80
=945  \\$aDigiMet
=945  \\$p84
=945  \\$aDigiMet
=945  \\$p142
=945  \\$aDigiMet
=945  \\$p96
=945  \\$aDigiMet
=945  \\$p96
=945  \\$aDigiMet
=945  \\$p62
=946  \\$aUSDA
=959  \\$c2013-04-02$essouder$gap
=959  \\$c2013-05-14$edrichard$gsubjadd
=959  \\$c2019-12-27$ergallett$gupgrade
=994  \\$a92$bAGL

