=LDR  00981cas a22003252  4500
=001  9915447130907426
=005  20240624183301.0
=008  001031d191719uuxxuuu\\\\\\\\f0\\\\1eng\d
=016  7\$aCAT11087315$2DNAL
=035  \\$91087-31560
=035  \\$a858353
=035  \\$a(DNAL)858353-naldb-Voyager
=040  \\$aAGL$dAGL
=049  \\$aRQIC
=070  0\$a1.9$bF76Wo
=110  1\$aUnited States.$bForest Service.
=245  10$aWood fuel items.
=362  0\$aNo. 1-14.   Dec. 15, 1917-Oct. 25, 1918.
=362  1\$aCeased.
=500  \\$aTo be issued from time to time during the emergency fuel situation.
=593  \\$fAgricola CAT
=650  \0$aFuelwood$vPeriodicals.
=650  \0$aFuelwood industry$vPeriodicals.
=655  \3$aInternet resource
=856  41$uhttps://archive.org/details/woodfuelitems114unit
=912  \\$analcatalog
=930  \\$a20140812$b20140905$c00000000
=939  \\$a20140519$b20140606$c00000000
=945  \\$aDigiMet
=945  \\$p166
=946  \\$aUSDA
=959  \\$c2014-05-19$ergallett$gaccadd

