=LDR  01143cas a2200361M  4500
=001  9915447139107426
=005  20240624183315.0
=008  001010d19uu1946dcuuu\\\\\\\\f0\\\\0eng\d
=016  7\$aCAT11084762$2DNAL
=035  \\$a849576
=035  \\$a(OCoLC)1289102420
=035  \\$a(DNAL)849576-naldb-Voyager
=040  \\$aAGL$beng$cAGL
=049  \\$aRQIC
=070  0\$a1.9422$bN8F73
=110  1\$aUnited States.$bWar Food Administration.$bOffice of Distribution.
=245  10$aFood makes a difference [radio script].
=260  \\$a[Washington]
=362  0\$aRSS-1- 92.
=362  1\$aCeased.
=550  \\$aIssuing office varies: RSS-36 -92, final, U.S. Office of marketing services.
=591  \\$bNAL Reclamation
=593  \\$fAgricola CAT
=650  \0$aFood supply$zUnited States.
=655  \3$aInternet resource.
=710  1\$aUnited States.$bOffice of Marketing Services.
=856  41$uhttps://archive.org/details/usda-warfoodadministration
=912  \\$analcatalog
=930  \\$a20140812$b20140905$c00000000
=939  \\$a20140402$b20140502$c00000000
=945  \\$aDigiMet
=945  \\$vpt. 1
=945  \\$p182
=945  \\$aDigiMet
=945  \\$vpt. 2
=945  \\$p178
=945  \\$aDigiMet
=945  \\$vpt. 3
=945  \\$p338
=945  \\$aDigiMet
=945  \\$vpt. 4
=945  \\$p204
=945  \\$aDigiMet
=945  \\$vpt. 5
=945  \\$p22
=946  \\$aUSDA
=959  \\$c2014-04-02$ergallett$gaccadd
=994  \\$a92$bAGL

