=LDR  01775cas a22004692  4500
=001  9915447147307426
=005  20240624183315.0
=008  001010d193219uudcuuu\\\\\\\\f0\\\\1eng\d
=016  7\$aCAT11084742$2DNAL
=035  \\$91084-74260
=035  \\$a849575
=035  \\$a(DNAL)849575-naldb-Voyager
=040  \\$aAGL$dAGL
=049  \\$aRQIC
=070  0\$a1.9$bIn3Ra
=110  1\$aUnited States.$bDepartment of Agriculture.$bRadio Service.
=245  10$aFarm science news.
=246  1\$iTitle varies:$aFarm science and business news
=246  1\$iTitle varies:$aFarm science news of the week
=246  1\$iTitle varies:$aFarm business news
=246  1\$iTitle varies:$aFarm business news of the week
=362  0\$aNo. 1-7;   May 6, 1932-Dec. 30, 1932; Jan. 6, 1933-May 15, 1939.
=362  1\$aCeased.
=500  \\$aBy M.S. Eisenhower and others.
=500  \\$aAgr has only scattering nos. For more complete file see BAE. lib. Beginning Jan 1933 unnumbered.
=500  \\$aBeginning July 1939 see 1.914 R2F22.
=530  \\$aAlso available on microform.
=590  \\$aFor microform version see: Film S-2724.
=593  \\$fAgricola CAT
=650  \0$aAgriculture$zUnited States$vPeriodicals.
=650  \0$aAgriculture$xEconomic aspects$zUnited States$vPeriodicals.
=650  \0$aRadio scripts$zUnited States$vPeriodicals.
=650  \0$aCommunication in agriculture$zUnited States$vPeriodicals.
=655  \3$aInternet resource
=700  1\$aEisenhower, Milton Stover,$d1899-1985.
=856  41$uhttps://archive.org/details/farmsciencenews1932unit
=912  \\$analcatalog
=930  \\$a20140702$b20140807$c00000000
=939  \\$a20140319$b20140404$c00000000
=945  \\$aDigiMet
=945  \\$p26
=946  \\$aUSDA
=959  \\$c2013-04-02$essouder$gap
=959  \\$c2014-03-19$ergallett$gaccadd

