=LDR  01141cas a22003612  4500
=001  9915447151307426
=005  20240624183312.0
=008  001010d19uu19uuxxuuu\\\\\\\\f0\\\\1eng\d
=016  7\$aCAT11085028$2DNAL
=035  \\$91085-02860
=035  \\$a849610
=035  \\$a(DNAL)849610-naldb-Voyager
=040  \\$aAGL$dAGL
=049  \\$aRQIC
=070  0\$a1.9$bIn3Ou
=110  1\$aUnited States.$bDepartment of Agriculture.$bRadio Service.
=245  10$aOutline of 4-h club crier radio program.
=362  1\$aCeased.
=500  \\$aNAL holdings: Oct. 1, 1928-Apr. 27, 1929.
=500  \\$aS.a. 1.9 In3Fo.
=500  \\$aPrepared and syndicated to broadcasting stations.
=593  \\$fAgricola CAT
=650  \0$a4-H clubs$zUnited States.
=650  \0$aRadio programs$zUnited States.
=655  \3$aInternet resource
=730  0\$a4-H club crier (Radio programs)
=856  41$uhttps://archive.org/details/outlineof4hclubc1928unit
=912  \\$analcatalog
=930  \\$a20140812$b20140905$c00000000
=939  \\$a20140331$b20140404$c00000000
=945  \\$aDigiMet
=945  \\$p8
=946  \\$aUSDA
=959  \\$c2013-04-02$essouder$gap
=959  \\$c2014-03-31$ergallett$gaccadd

