=LDR  01909cas a2200505 a 4500
=001  9915447159407426
=005  20240624183318.0
=008  001010d1942194ucau||\p\\\\\\\|\\\\0eng\d
=016  7\$aCAT11084746$2DNAL
=035  \\$a849397
=035  \\$a(OCoLC)642684007
=035  \\$a(DNAL)849397-naldb-Voyager
=040  \\$aAGL$beng$cAGL$dAGL$dOCLCF$dOCL$dOCLCA$dOCL
=043  \\$an-usp--
=049  \\$aAGLL
=070  0\$a1.9422$bA8F29
=072  \0$aE100
=245  00$aFDA Pacific news roundup.
=246  1\$aFood Distribution Administration Pacific news roundup
=260  \\$aSan Francisco :$bU.S. Food Distribution Administration, Pacific Region, Marketing Reports Division
=310  \\$aWeekly
=362  1\$aBegan with No. 4 (Dec. 30, 1942); ceased in 1940s?
=588  \\$aDescription based on: No. 4 (Dec. 30, 1942); title from caption.
=588  \\$aLatest issue consulted: No. 4 (Dec. 30, 1942).
=591  \\$bNAL Reclamation
=593  \\$fAgricola CAT
=650  \0$aFood supply$xGovernment policy$zPacific States$vPeriodicals.
=650  \0$aWorld War, 1939-1945$xFood supply$zPacific States$vPeriodicals.
=651  \7$aUnited States$zPacific States.$2fast$0(OCoLC)fst01243532
=647  \7$aWorld War$d(1939-1945)$2fast$0(OCoLC)fst01180924
=648  \7$a1939-1945$2fast
=655  \3$aInternet resource.
=655  \7$aPeriodicals.$2fast$0(OCoLC)fst01411641
=710  1\$aUnited States.$bFood Distribution Administration.$0http://id.loc.gov/authorities/names/no2008141241
=780  00$tAMA Pacific news roundup$w(OCoLC)642684003
=850  \\$aDNAL
=856  41$uhttps://archive.org/details/fdapacificnewsro04unit
=912  \\$analcatalog
=930  \\$a20140812$b20140905$c00000000
=939  \\$a20100623$b20100703$c00000000
=945  \\$aSRC2009
=945  \\$p6
=945  \\$aDigiMet
=946  \\$aUSDA
=958  \\$be$c2010-06-21$do$ejkimball$hrecon
=959  \\$c2010-06-21$ejkimball$gupgrade
=994  \\$a92$bAGL

