=LDR  01090cas a2200325M  4500
=001  9915447234007426
=005  20240624183320.0
=008  001010d19uu19uutxuuu\\\\\\\\f0\\\\0eng\d
=016  7\$aCAT11084738$2DNAL
=035  \\$a849218
=035  \\$a(OCoLC)1289137852
=035  \\$a(DNAL)849218-naldb-Voyager
=040  \\$aAGL$beng$cAGL
=049  \\$aRQIC
=070  0\$a1.9422$bA8F22
=110  1\$aUnited States.$bWar Food Administration.$bOffice of Distribution.
=245  10$aFarm market information for press and radio, Southwest region.
=260  \\$aDallas, Tex.
=362  1\$aCeased.
=550  \\$aIssuing office varies: Jan. 1, 1946- U.S. Production and marketing administration.
=591  \\$bNAL Reclamation
=593  \\$fAgricola CAT
=655  \3$aInternet resource.
=710  1\$aUnited States.$bDepartment of Agriculture.$bProduction and Marketing Administration.
=856  41$uhttps://archive.org/details/usda-warfoodadministration
=912  \\$analcatalog
=930  \\$a20140812$b00000000$c00000000
=945  \\$aDigiMet
=945  \\$p56
=946  \\$aUSDA
=959  \\$c2013-04-02$essouder$gap
=994  \\$a92$bAGL

