=LDR  02057cas a2200457M  4500
=001  9915447236107426
=005  20240624183318.0
=008  001010d194419uudcuuu\\\\\\\\f0\\\\0eng\d
=016  7\$aCAT11085446$2DNAL
=035  \\$a849458
=035  \\$a(OCoLC)1289018158
=035  \\$a(DNAL)849458-naldb-Voyager
=040  \\$aAGL$beng$cAGL
=049  \\$aRQIC
=070  0\$a1.9422$bFr8F94
=110  1\$aUnited States.$bWar Food Administration.$bOffice of Distribution.
=245  10$aFruit and Vegetable Branch administrative letter.
=246  1\$iTitle varies, no.1-2, Feb.25-Mar. 25, 1944:$aAdministrative letter
=260  \\$aWashington.
=362  0\$aNo.1- Feb. 25, 1944-
=362  1\$aCeased.
=550  \\$aIssuing office varies: no.21-36, Jan. 5, 1945- Aug. 3, 1945, U.S. Office of Marketing Services. No.37- Aug. 17, 1945- U.S. Production and Marketing Administration. Fruit and Vegetable Branch.
=580  \\$aSupersedes U.S. Food Distribution Administration. Fruit and Vegetable Branch letter (1.9 M341Fr).
=591  \\$bNAL Reclamation
=593  \\$fAgricola CAT
=610  10$aUnited States.$bDepartment of Agriculture.$bProduction and Marketing Administration.$bFruit and Vegetable Branch$vPeriodicals.
=650  \0$aFruit trade$zUnited States$xManagement$vPeriodicals.
=650  \0$aVegetable trade$zUnited States$xManagement$vPeriodicals.
=655  \3$aInternet resource.
=710  1\$aUnited States.$bOffice of Marketing Services.
=710  1\$aUnited States.$bDepartment of Agriculture.$bProduction and Marketing Administration.$bFruit and Vegetable Branch.
=780  00$aUnited States. Food Distribution Administration.$tFruit and vegetable branch letter
=856  41$uhttps://archive.org/details/usda-administrativeletterfruitandvegetabledivision
=912  \\$analcatalog
=930  \\$a20140902$b20141003$c00000000
=939  \\$a20140530$b20140606$c00000000
=945  \\$aDigiMet
=945  \\$vpt. 1
=945  \\$p8
=945  \\$aDigiMet
=945  \\$vpt. 2
=945  \\$p8
=945  \\$aDigiMet
=945  \\$vpt. 3
=945  \\$p12
=945  \\$aDigiMet
=945  \\$vpt. 4
=945  \\$p8
=945  \\$aDigiMet
=945  \\$vpt. 5
=945  \\$p10
=945  \\$aDigiMet
=945  \\$vpt. 6
=945  \\$p10
=945  \\$aDigiMet
=945  \\$vpt. 7
=945  \\$p12
=945  \\$aDigiMet
=945  \\$vpt. 8
=945  \\$p10
=945  \\$aDigiMet
=945  \\$vpt. 9
=945  \\$p10
=945  \\$aDigiMet
=945  \\$vpt. 10
=945  \\$p8
=945  \\$aDigiMet
=945  \\$vpt. 11
=945  \\$p10
=945  \\$aDigiMet
=945  \\$vpt. 12
=945  \\$p10
=945  \\$aDigiMet
=945  \\$vpt. 13
=945  \\$p12
=945  \\$aDigiMet
=945  \\$vpt. 14
=945  \\$p8
=945  \\$aDigiMet
=945  \\$vpt. 15
=945  \\$p10
=945  \\$aDigiMet
=945  \\$vpt. 16
=945  \\$p14
=945  \\$aDigiMet
=945  \\$vpt. 17
=945  \\$p14
=945  \\$aDigiMet
=945  \\$vpt. 18
=945  \\$p12
=945  \\$aDigiMet
=945  \\$vpt. 19
=945  \\$p10
=945  \\$aDigiMet
=945  \\$vpt. 20
=945  \\$p12
=945  \\$aDigiMet
=945  \\$vpt. 21
=945  \\$p10
=945  \\$aDigiMet
=945  \\$vpt. 22
=945  \\$p12
=945  \\$aDigiMet
=945  \\$vpt. 23
=945  \\$p10
=945  \\$aDigiMet
=945  \\$vpt. 24
=945  \\$p10
=945  \\$aDigiMet
=945  \\$vpt. 25
=945  \\$p10
=945  \\$aDigiMet
=945  \\$vpt. 26
=945  \\$p10
=945  \\$aDigiMet
=945  \\$vpt. 27
=945  \\$p8
=945  \\$aDigiMet
=945  \\$vpt. 28
=945  \\$p8
=945  \\$aDigiMet
=945  \\$vpt. 29
=945  \\$p10
=945  \\$aDigiMet
=945  \\$vpt. 30
=945  \\$p12
=945  \\$aDigiMet
=945  \\$vpt. 31
=945  \\$p12
=945  \\$aDigiMet
=945  \\$vpt. 32
=945  \\$p8
=945  \\$aDigiMet
=945  \\$vpt. 33
=945  \\$p12
=945  \\$aDigiMet
=945  \\$vpt. 34
=945  \\$p16
=945  \\$aDigiMet
=945  \\$vpt. 35
=945  \\$p10
=945  \\$aDigiMet
=945  \\$vpt. 36
=945  \\$p10
=945  \\$aDigiMet
=945  \\$vpt. 37
=945  \\$p8
=945  \\$aDigiMet
=945  \\$vpt. 38
=945  \\$p12
=945  \\$aDigiMet
=945  \\$vpt. 39
=945  \\$p10
=945  \\$aDigiMet
=945  \\$vpt. 40
=945  \\$p10
=945  \\$aDigiMet
=945  \\$vpt. 41
=945  \\$p10
=945  \\$aDigiMet
=945  \\$vpt. 42
=945  \\$p10
=945  \\$aDigiMet
=945  \\$vpt. 43
=945  \\$p10
=945  \\$aDigiMet
=945  \\$vpt. 44
=945  \\$p8
=945  \\$aDigiMet
=945  \\$vpt. 45
=945  \\$p14
=945  \\$aDigiMet
=945  \\$vpt. 46
=945  \\$p10
=945  \\$aDigiMet
=945  \\$vpt. 47
=945  \\$p10
=945  \\$aDigiMet
=945  \\$vpt. 48
=945  \\$p10
=945  \\$aDigiMet
=945  \\$vpt. 49
=945  \\$p10
=945  \\$aDigiMet
=945  \\$vpt. 50
=945  \\$p16
=945  \\$aDigiMet
=945  \\$vpt. 51
=945  \\$p16
=945  \\$aDigiMet
=945  \\$vpt. 52
=945  \\$p12
=945  \\$aDigiMet
=945  \\$vpt. 53
=945  \\$p12
=945  \\$aDigiMet
=945  \\$vpt. 54
=945  \\$p14
=945  \\$aDigiMet
=945  \\$vpt. 55
=945  \\$p10
=945  \\$aDigiMet
=945  \\$vpt. 56
=945  \\$p12
=946  \\$aUSDA
=959  \\$c2013-11-14$edcollins$gap
=959  \\$c2014-05-19$ergallett$gaccadd
=959  \\$c2014-05-30$ejgilbert$gsubjadd
=994  \\$a92$bAGL

