=LDR  01183cas a22003492  4500
=001  9915447240807426
=005  20240624183320.0
=008  001010d19uu19uuxxuuu\\\\\\\\f0\\\\1eng\d
=016  7\$aCAT11085500$2DNAL
=035  \\$91085-50060
=035  \\$a849667
=035  \\$a(DNAL)849667-naldb-Voyager
=040  \\$aAGL$dAGL
=049  \\$aRQIC
=070  0\$a1.9$bIn3Nh
=110  1\$aUnited States.$bDepartment of Agriculture.$bRadio Service.
=245  10$aU.S.D.A. and Federal farm board network radio program.
=362  1\$aCeased. No more rec'd. Jan. 1937.
=500  \\$aNAL holdings: Nov., 1928-Apr. 30, 1933.
=500  \\$aHave also map showing noon-hour broadcast network.
=580  \\$aFormerly called: U.S.D.A. noonhour network radio program.
=593  \\$fAgricola CAT
=650  \0$aAgriculture$zUnited States.
=655  \3$aInternet resource
=780  00$tU.S.D.A. noonhour network radio program
=856  41$uhttps://archive.org/details/usda-usdaradioservice
=912  \\$analcatalog
=930  \\$a20140702$b20140807$c00000000
=939  \\$a20140205$b20140307$c00000000
=945  \\$aDigiMet
=945  \\$vpt. 1
=945  \\$p20
=945  \\$aDigiMet
=945  \\$vpt. 2
=945  \\$p54
=945  \\$aDigiMet
=945  \\$vpt. 3
=945  \\$p66
=945  \\$aDigiMet
=945  \\$vpt. 4
=945  \\$p52
=945  \\$aDigiMet
=945  \\$vpt. 5
=945  \\$p34
=945  \\$aDigiMet
=945  \\$vpt. 6
=945  \\$p12
=946  \\$aUSDA
=959  \\$c2013-04-02$essouder$gap
=959  \\$c2014-02-05$edfriedma$gsubjadd

