=LDR  00913cas a22003132  4500
=001  9915447242307426
=005  20240624183324.0
=008  001010d19uu19uuxxuuu\\\\\\\\f0\\\\1eng\d
=016  7\$aCAT11085007$2DNAL
=035  \\$91085-00760
=035  \\$a849788
=035  \\$a(DNAL)849788-naldb-Voyager
=040  \\$aAGL$dAGL
=049  \\$aRQIC
=070  0\$a1.9$bIn3Nf
=110  1\$aUnited States.$bDepartment of Agriculture.$bRadio Service.
=245  10$aNoon farm flashes.
=310  \\$aDaily, except Sat. & Sunday.
=362  1\$aCeased.
=593  \\$fAgricola CAT
=650  \0$aAgriculture$zUnited States.
=655  \3$aInternet resource
=856  41$uhttps://archive.org/details/usda-usdaradioservice
=912  \\$analcatalog
=930  \\$a20140702$b20140807$c00000000
=939  \\$a20140205$b20140307$c00000000
=945  \\$aDigiMet
=945  \\$vpt. 1
=945  \\$p108
=945  \\$aDigiMet
=945  \\$vpt. 2
=945  \\$p40
=945  \\$aDigiMet
=945  \\$vpt. 3
=945  \\$p84
=946  \\$aUSDA
=959  \\$c2013-04-02$essouder$gap
=959  \\$c2014-02-05$edfriedma$gsubjadd

