=LDR  01221cas a22003852  4500
=001  9915447244307426
=005  20240624183324.0
=008  001010d19uu19uuxxuuu\\\\\\\\f0\\\\1eng\d
=016  7\$aCAT11085502$2DNAL
=035  \\$91085-50260
=035  \\$a849668
=035  \\$a(DNAL)849668-naldb-Voyager
=040  \\$aAGL$dAGL
=049  \\$aRQIC
=070  0\$a1.9$bIn3Us
=110  1\$aUnited States.$bDepartment of Agriculture.$bRadio Service.
=245  10$aUncle Sam at your service.
=310  \\$a[Weekly]
=362  1\$aCeased.
=500  \\$aNAL holdings: Sept. 16, 1929-May 4, 1936.
=500  \\$aDiscontinued May 4, 1936.
=580  \\$aIncorporated in Housekeeper's chat.
=593  \\$fAgricola CAT
=650  \0$aFood$zUnited States$xSafety measures$vPeriodicals.
=650  \0$aHousekeeping$zUnited States$vPeriodicals.
=650  \0$aCooking$zUnited States$vPeriodicals.
=655  \3$aInternet resource
=785  00$tHousekeeper's chat
=856  41$uhttps://archive.org/details/usda-usdaradioservice
=912  \\$analcatalog
=930  \\$a20140505$b20140606$c00000000
=939  \\$a20130725$b20130906$c00000000
=945  \\$aDigiMet
=945  \\$p82
=945  \\$aDigiMet
=945  \\$p104
=945  \\$aDigiMet
=945  \\$p40
=945  \\$aDigiMet
=945  \\$p98
=945  \\$aDigiMet
=945  \\$p132
=945  \\$aDigiMet
=945  \\$p80
=945  \\$aDigiMet
=945  \\$p120
=945  \\$aDigiMet
=945  \\$p102
=945  \\$aDigiMet
=945  \\$p44
=945  \\$aDigiMet
=945  \\$p26
=945  \\$aDigiMet
=945  \\$p96
=945  \\$aDigiMet
=945  \\$p110
=945  \\$aDigiMet
=945  \\$p60
=945  \\$aDigiMet
=945  \\$p102
=945  \\$aDigiMet
=945  \\$p94
=945  \\$aDigiMet
=945  \\$p76
=946  \\$aUSDA
=959  \\$c2013-04-02$essouder$gap
=959  \\$c2013-07-25$ergallett$gaccadd

