=LDR  01262cas a22003732  4500
=001  9915447246607426
=005  20240624183325.0
=008  001010d19uu19uuxxuuu\\\\\\\\f0\\\\1eng\d
=016  7\$aCAT11084848$2DNAL
=035  \\$91084-84860
=035  \\$a849409
=035  \\$a(DNAL)849409-naldb-Voyager
=040  \\$aAGL$dAGL
=049  \\$aRQIC
=070  0\$a1.9$bIn3In
=110  1\$aUnited States.$bDepartment of Agriculture.$bRadio Service.
=245  10$aInterview by the agricultural economist.
=246  1\$aInterview with the agricultural economist
=246  1\$aInterview with agricultural economist
=246  1\$iTitle of Mar. 24/27, 1927 issue:$aPrimer for town farmers
=310  \\$aWeekly
=362  1\$aCeased.
=588  \\$aDescription based on: Oct. 8, 1926; title from caption.
=588  \\$aLatest issue consulted: Mar. 25/27, 1927.
=593  \\$fAgricola CAT
=650  \0$aAgriculture$xEconomic aspects$zUnited States$vPeriodicals.
=655  \3$aInternet resource
=856  41$uhttps://archive.org/details/interviewbyagric1926unit
=912  \\$analcatalog
=930  \\$a20140812$b20140905$c00000000
=939  \\$a20140331$b20140404$c00000000
=945  \\$aDigiMet
=945  \\$p150
=946  \\$aUSDA
=959  \\$c2013-04-02$essouder$gap
=959  \\$c2014-03-31$ergallett$gaccadd

