=LDR  01317cas a22003612  4500
=001  9915447268007426
=005  20240624183315.0
=008  001010d19uu19uuxxuuu\\\\\\\\f0\\\\1eng\d
=016  7\$aCAT11084856$2DNAL
=035  \\$91084-85660
=035  \\$a849589
=035  \\$a(DNAL)849589-naldb-Voyager
=040  \\$aAGL$dAGL
=049  \\$aRQIC
=070  0\$a1.9$bIn3Lan
=110  1\$aUnited States.$bDepartment of Agriculture.$bRadio Service.
=245  10$aLand use series [broadcast during the Western farm and home hour ... Western Division, National Broadcasting Company].
=362  1\$aCeased.
=500  \\$aNAL holdings: Aug. 1, 1935-Jan. 30, 1936.
=500  \\$aIssues have individual titles and series title does not appear on all issues.
=588  \\$aDescription based on: Aug. 1, 1935; series title does not appear.
=588  \\$aLatest issue consulted: Jan. 30, 1936.
=593  \\$fAgricola CAT
=650  \0$aLand use$zUnited States$vPeriodicals.
=655  \3$aInternet resource
=710  2\$aNational Broadcasting Company.
=856  41$uhttps://archive.org/details/landuseseriesbro1935unit
=912  \\$analcatalog
=930  \\$a20140702$b20140807$c00000000
=939  \\$a20140311$b20140404$c00000000
=945  \\$aDigiMet
=945  \\$p62
=946  \\$aUSDA
=959  \\$c2013-04-02$essouder$gap
=959  \\$c2014-03-11$ergallett$gaccadd

