=LDR  01739cas a2200433M  4500
=001  9915447276407426
=005  20240624183311.0
=008  001010d19uu19uudcuuu\\\\\\\\f0\\\\0eng\d
=016  7\$aCAT11084929$2DNAL
=035  \\$a849421
=035  \\$a(OCoLC)1289113383
=035  \\$a(DNAL)849421-naldb-Voyager
=040  \\$aAGL$beng$cAGL
=049  \\$aRQIC
=070  0\$a1.9$bIn3M
=110  1\$aUnited States.$bDepartment of Agriculture.$bOffice of Information.
=245  10$aMemorandum for chiefs of bureaus and offices.
=246  1\$iApril 15, 1932 issue has title:$aMemorandum for bureau editors, librarians, and others interested in the Department series of publications
=246  1\$iJuly 2, 1934, June 9, 1936 have title:$aMemorandum for bureau chiefs
=246  1\$iJuly 8, 1936, July 31, 1936 have title:$aMemorandum to chiefs of bureaus and offices
=246  1\$iAug. 20, 1936 has title:$aMemorandum to bureau chiefs and editors
=246  1\$iOct. 14, 1937, Oct. 25, 1937 have title:$aMemorandum for bureau editors
=260  \\$aWashington :$bU.S. Dept. of Agriculture, Office of Information.
=362  1\$aCeased.
=588  \\$aDescription based on: July 23, 1928; title from caption.
=588  \\$aLatest issue consulted: Oct. 25, 1937.
=591  \\$bNAL Reclamation
=593  \\$fAgricola CAT
=650  \0$aAgriculture$zUnited States.
=650  \0$aRadio programs$zUnited States.
=655  \3$aInternet resource.
=856  41$uhttps://archive.org/details/usda-memorandumforchiefs
=912  \\$analcatalog
=930  \\$a20140902$b20141003$c00000000
=939  \\$a20140402$b20140502$c00000000
=945  \\$aDigiMet
=945  \\$vpt. 1
=945  \\$p10
=945  \\$aDigiMet
=945  \\$vpt. 2
=945  \\$p6
=945  \\$aDigiMet
=945  \\$vpt. 3
=945  \\$p6
=945  \\$aDigiMet
=945  \\$vpt. 4
=945  \\$p6
=945  \\$aDigiMet
=945  \\$vpt. 5
=945  \\$p6
=945  \\$aDigiMet
=945  \\$vpt. 6
=945  \\$p8
=945  \\$aDigiMet
=945  \\$vpt. 7
=945  \\$p6
=945  \\$aDigiMet
=945  \\$vpt. 8
=945  \\$p10
=945  \\$aDigiMet
=945  \\$vpt. 9
=945  \\$p8
=945  \\$aDigiMet
=945  \\$vpt. 10
=945  \\$p10
=945  \\$aDigiMet
=945  \\$vpt. 11
=945  \\$p6
=945  \\$aDigiMet
=945  \\$vpt. 12
=945  \\$p20
=946  \\$aUSDA
=959  \\$c2013-04-02$essouder$gap
=959  \\$c2014-04-02$ergallett$gaccadd
=994  \\$a92$bAGL

