=LDR  02427cas a2200613 a 4500
=001  9915447281507426
=005  20240624183313.0
=008  001010d19231939dcusr\p\\\\\\f0\\\\0eng\\
=010  \\$aca 35000397 
=016  7\$aCAT11085424$2DNAL
=035  \\$a849657
=035  \\$a(OCoLC)599762280
=035  \\$a(DNAL)849657-naldb-Voyager
=040  \\$aAGL$beng$cAGL$dAGL$dOCLCQ$dOCLCF$dOCLCO$dCUY
=043  \\$an-us---
=049  \\$aAGLL
=050  00$aZ5074.E3$bU4
=070  0\$a1.9$bM34
=072  \0$aE700
=072  \0$aE100
=072  \0$aD100
=245  04$aThe B.A.E. news.
=246  13$aBAE news
=246  13$aBureau of Agricultural Economics news
=260  \\$aWashington, D.C. :$bBureau of Agricultural Economics, U.S. Dept. of Agriculture
=310  \\$aSemimonthly,$bJuly 7, 1933-
=321  \\$aWeekly,$bJan. 2, 1923-June 30, 1933
=362  1\$aBegan with v. 8, no. 1 (Jan. 2, 1923) and ceased with v. 40, no. 11 [i.e. 12] (June 15, 1939).
=515  \\$aVol. 40, no. 12 (June 15, 1939) erroneously numbered v. 40, no. 11.
=580  \\$aSuperseded by The A.M.S. news, issued by the Agricultural marketing service (1.942 A8Ag8); and Inside BAE issued by U.S. Bur. agric. econ. (1.941 E8In7).
=588  \\$aDescription based on: Vol. 8, no. 1 (Jan. 2, 1923); title from caption.
=588  \\$aLatest issue consulted: Vol. 40, no. 11 [i.e. 12] (June 15, 1939).
=591  \\$bNAL Reclamation
=593  \\$fAgricola CAT
=610  10$aUnited States.$bBureau of Agricultural Economics$vPeriodicals.
=610  17$aUnited States.$bBureau of Agricultural Economics$2fast$0(OCoLC)fst00544537
=650  \0$aAgriculture$xEconomic aspects$zUnited States$vPeriodicals.
=650  \0$aProduce trade$zUnited States$vPeriodicals.
=651  \7$aUnited States.$2fast$0(OCoLC)fst01204155
=655  \3$aInternet resource.
=655  \7$aPeriodicals.$2fast$0(OCoLC)fst01411641
=710  1\$aUnited States.$bBureau of Agricultural Economics.$0http://id.loc.gov/authorities/names/n80060900
=780  00$tBureau news$w(OCoLC)599730633
=785  00$tA.M.S. news
=785  00$tInside BAE$w(OCoLC)38848662
=850  \\$aDNAL
=856  41$uhttps://archive.org/details/usda-bureauofmarkets
=912  \\$analcatalog
=930  \\$a20140902$b20141003$c00000000
=939  \\$a20100407$b20100501$c00000000
=945  \\$aSRC2009
=945  \\$vpt. 1
=945  \\$p164
=945  \\$aDigiMet
=945  \\$vpt. 2
=945  \\$p122
=945  \\$aDigiMet
=945  \\$vpt. 3
=945  \\$p150
=945  \\$aDigiMet
=945  \\$vpt. 4
=945  \\$p124
=945  \\$aDigiMet
=945  \\$vpt. 5
=945  \\$p162
=945  \\$aDigiMet
=945  \\$vpt. 6
=945  \\$p162
=945  \\$aDigiMet
=945  \\$vpt. 7
=945  \\$p122
=945  \\$aDigiMet
=945  \\$vpt. 8
=945  \\$p120
=945  \\$aDigiMet
=945  \\$vpt. 9
=945  \\$p154
=945  \\$aDigiMet
=945  \\$vpt. 10
=945  \\$p116
=945  \\$aDigiMet
=945  \\$vpt. 11
=945  \\$p118
=945  \\$aDigiMet
=945  \\$vpt. 12
=945  \\$p130
=945  \\$aDigiMet
=945  \\$vpt. 13
=945  \\$p148
=945  \\$aDigiMet
=945  \\$vpt. 14
=945  \\$p138
=945  \\$aDigiMet
=945  \\$vpt. 15
=945  \\$p126
=945  \\$aDigiMet
=945  \\$vpt. 16
=945  \\$p172
=945  \\$aDigiMet
=945  \\$vpt. 17
=945  \\$p144
=945  \\$aDigiMet
=945  \\$vpt. 18
=945  \\$p148
=945  \\$aDigiMet
=945  \\$vpt. 19
=945  \\$p136
=945  \\$aDigiMet
=945  \\$vpt. 20
=945  \\$p124
=945  \\$aDigiMet
=945  \\$vpt. 21
=945  \\$p136
=945  \\$aDigiMet
=945  \\$vpt. 22
=945  \\$p132
=945  \\$aDigiMet
=945  \\$vpt. 23
=945  \\$p112
=945  \\$aDigiMet
=945  \\$vpt. 24
=945  \\$p118
=945  \\$aDigiMet
=945  \\$vpt. 25
=945  \\$p134
=945  \\$aDigiMet
=945  \\$vpt. 26
=945  \\$p120
=945  \\$aDigiMet
=945  \\$vpt. 27
=945  \\$p114
=945  \\$aDigiMet
=945  \\$vpt. 28
=945  \\$p118
=945  \\$aDigiMet
=945  \\$vpt. 29
=945  \\$p110
=945  \\$aDigiMet
=945  \\$vpt. 30
=945  \\$p110
=945  \\$aDigiMet
=945  \\$vpt. 31
=945  \\$p110
=945  \\$aDigiMet
=945  \\$vpt. 32
=945  \\$p116
=945  \\$aDigiMet
=945  \\$vpt. 33
=945  \\$p124
=945  \\$aDigiMet
=945  \\$vpt. 34
=945  \\$p224
=945  \\$aDigiMet
=945  \\$vpt. 35
=945  \\$p100
=945  \\$aDigiMet
=945  \\$vpt. 36
=945  \\$p114
=945  \\$aDigiMet
=945  \\$vpt. 37
=945  \\$p116
=945  \\$aDigiMet
=945  \\$vpt. 38
=945  \\$p110
=945  \\$aDigiMet
=945  \\$vpt. 39
=945  \\$p100
=945  \\$aDigiMet
=945  \\$vpt. 40
=945  \\$p114
=945  \\$aDigiMet
=945  \\$vpt. 41
=945  \\$p110
=945  \\$aDigiMet
=945  \\$vpt. 42
=945  \\$p112
=945  \\$aDigiMet
=945  \\$vpt. 43
=945  \\$p130
=945  \\$aDigiMet
=945  \\$vpt. 44
=945  \\$p156
=945  \\$aDigiMet
=945  \\$vpt. 45
=945  \\$p142
=945  \\$aDigiMet
=945  \\$vpt. 46
=945  \\$p154
=945  \\$aDigiMet
=945  \\$vpt. 47
=945  \\$p154
=945  \\$aDigiMet
=945  \\$vpt. 48
=945  \\$p168
=945  \\$aDigiMet
=945  \\$vpt. 49
=945  \\$p150
=945  \\$aDigiMet
=945  \\$vpt. 50
=945  \\$p154
=945  \\$aDigiMet
=945  \\$vpt. 51
=945  \\$p154
=945  \\$aDigiMet
=945  \\$vpt. 52
=945  \\$p174
=945  \\$aDigiMet
=945  \\$vpt. 53
=945  \\$p166
=945  \\$aDigiMet
=945  \\$vpt. 54
=945  \\$p162
=945  \\$aDigiMet
=946  \\$aUSDA
=958  \\$be$c2010-04-05$do$edgoldber$hrecon
=994  \\$a92$bAGL

