=LDR  01923cas a2200433M  4500
=001  9915447291807426
=005  20240624183318.0
=008  001010d19uu19uunyuuu\\\\\\\\f0\\\\0eng\d
=016  7\$aCAT11085440$2DNAL
=035  \\$a849457
=035  \\$a(OCoLC)1289156994
=035  \\$a(DNAL)849457-naldb-Voyager
=040  \\$aAGL$beng$cAGL
=049  \\$aRQIC
=070  0\$a1.9422$bA8F21
=110  1\$aUnited States.$bWar Food Administration.$bOffice of Distribution.
=245  14$aThe Family canteen.
=260  \\$aNew York.
=362  1\$aCeased.
=550  \\$aIssuing office varies: Dec 16, 1943-Dec. 30, 1943, U.S. Food distribution administration. Jan. 4, 1945-Jan. 11, 1945, U.S. Office of marketing services. Jan. 18, 1945-Mar. 30, 1945, U.S. War Food administration. Apr. 5-Aug. 17, 1945, U.S. Commodity credit corporation. Office of supply. Sept. 7, 1945-May 27, 1946, U.S. Production and marketing administration.
=580  \\$aSuperseded by U.S. Production and Marketing Administration. Your family's food (1.956 A2Y8).
=591  \\$bNAL Reclamation
=593  \\$fAgricola CAT
=650  \0$aFood supply$xGovernment policy$vPeriodicals.
=650  \0$aWorld War, 1939-1945$xFood supply$vPeriodicals.
=655  \3$aInternet resource.
=710  1\$aUnited States.$bOffice of Marketing Services.
=710  1\$aUnited States.$bWar Food Administration.
=710  2\$aCommodity Credit Corporation.$bOffice of Supply.
=710  1\$aUnited States.$bDepartment of Agriculture.$bProduction and Marketing Administration.
=785  00$aUnited States. Production and Marketing Administration.$tYour family's food
=856  41$uhttps://archive.org/details/usda-warfoodadministration
=912  \\$analcatalog
=930  \\$a20140812$b20140905$c00000000
=939  \\$a20140415$b20140502$c00000000
=945  \\$aDigiMet
=945  \\$vpt. 1
=945  \\$p40
=945  \\$aDigiMet
=945  \\$vpt. 2
=945  \\$p44
=945  \\$aDigiMet
=945  \\$vpt. 3
=945  \\$p44
=945  \\$aDigiMet
=945  \\$vpt. 4
=945  \\$p74
=945  \\$aDigiMet
=945  \\$vpt. 5
=945  \\$p82
=945  \\$aDigiMet
=945  \\$vpt. 6
=945  \\$p64
=945  \\$aDigiMet
=945  \\$vpt. 7
=945  \\$p72
=945  \\$aDigiMet
=945  \\$vpt. 8
=945  \\$p58
=945  \\$aDigiMet
=945  \\$vpt. 9
=945  \\$p76
=945  \\$aDigiMet
=945  \\$vpt. 10
=945  \\$p56
=945  \\$aDigiMet
=945  \\$vpt. 11
=945  \\$p58
=945  \\$aDigiMet
=945  \\$vpt. 12
=945  \\$p74
=945  \\$aDigiMet
=945  \\$vpt. 13
=945  \\$p58
=945  \\$aDigiMet
=945  \\$vpt. 14
=945  \\$p70
=945  \\$aDigiMet
=945  \\$vpt. 15
=945  \\$p58
=945  \\$aDigiMet
=945  \\$vpt. 16
=945  \\$p60
=945  \\$aDigiMet
=945  \\$vpt. 17
=945  \\$p48
=945  \\$aDigiMet
=945  \\$vpt. 18
=945  \\$p78
=945  \\$aDigiMet
=945  \\$vpt. 19
=945  \\$p62
=945  \\$aDigiMet
=945  \\$vpt. 20
=945  \\$p56
=945  \\$aDigiMet
=945  \\$vpt. 21
=945  \\$p44
=945  \\$aDigiMet
=945  \\$vpt. 22
=945  \\$p48
=945  \\$aDigiMet
=945  \\$vpt. 23
=945  \\$p44
=945  \\$aDigiMet
=945  \\$vpt. 24
=945  \\$p48
=945  \\$aDigiMet
=945  \\$vpt. 25
=945  \\$p44
=945  \\$aDigiMet
=945  \\$vpt. 26
=945  \\$p66
=945  \\$aDigiMet
=945  \\$vpt. 27
=945  \\$p44
=945  \\$aDigiMet
=945  \\$vpt. 28
=945  \\$p82
=945  \\$aDigiMet
=945  \\$vpt. 29
=945  \\$p84
=945  \\$aDigiMet
=945  \\$vpt. 30
=945  \\$p60
=946  \\$aUSDA
=959  \\$c2013-04-02$essouder$gap
=959  \\$c2014-04-15$ejgilbert$gsubjadd
=994  \\$a92$bAGL

