=LDR  01373cas a2200349M  4500
=001  9915447295707426
=005  20240624183318.0
=008  001010d19uu19uunyuuu\\\\\\\\f0\\\\0eng\d
=016  7\$aCAT11084619$2DNAL
=035  \\$a849200
=035  \\$a(OCoLC)1288983505
=035  \\$a(DNAL)849200-naldb-Voyager
=040  \\$aAGL$beng$cAGL
=049  \\$aRQIC
=070  0\$a1.9422$bA8C763
=110  1\$aUnited States.$bWar Food Administration.$bOffice of Distribution.
=245  10$aContainer information.
=260  \\$aNew York.
=362  1\$aCeased.
=550  \\$aIssuing office varies: no. 52 [57]- Mar. 17, Apr. 21, 1945- U.S. Commodity credit corporation. Office of supply. no. 53, 56, 72, Mar. 24, Apr. 14, Aug. 4, 1945, U.S. Office of marketing services. no. 73- Aug. 20, 1945- U.S. Production and marketing administration.
=591  \\$bNAL Reclamation
=593  \\$fAgricola CAT
=655  \3$aInternet resource.
=710  1\$aUnited States.$bCommodity Credit Corporation.$bOffice of Supply.
=710  1\$aUnited States.$bOffice of Marketing Services.
=710  1\$aUnited States.$bDepartment of Agriculture.$bProduction and Marketing Administration.
=856  41$uhttps://archive.org/details/usda-warfoodadministration
=912  \\$analcatalog
=930  \\$a20140812$b00000000$c00000000
=945  \\$aDigiMet
=945  \\$vpt. 1
=945  \\$p76
=945  \\$aDigiMet
=945  \\$vpt. 2
=945  \\$p44
=945  \\$aDigiMet
=945  \\$vpt. 3
=945  \\$p6
=945  \\$aDigiMet
=945  \\$vpt. 4
=945  \\$p28
=945  \\$aDigiMet
=945  \\$vpt. 5
=945  \\$p16
=945  \\$aDigiMet
=945  \\$vpt. 6
=945  \\$p8
=945  \\$aDigiMet
=945  \\$vpt. 7
=945  \\$p16
=945  \\$aDigiMet
=945  \\$vpt. 8
=945  \\$p28
=945  \\$aDigiMet
=945  \\$vpt. 9
=945  \\$p20
=946  \\$aUSDA
=959  \\$c2013-04-02$essouder$gap
=994  \\$a92$bAGL

