=LDR  01384cas a22004092  4500
=001  9915447306107426
=005  20240624183334.0
=008  001010d19uu19uuxxuuu\\\\\\\\f0\\\\1eng\d
=016  7\$aCAT11084514$2DNAL
=035  \\$91084-51460
=035  \\$a849545
=035  \\$a(DNAL)849545-naldb-Voyager
=040  \\$aAGL$dAGL
=049  \\$aRQIC
=070  0\$a1.9$bIn33H
=110  1\$aUnited States.$bDepartment of Agriculture.$bOffice of Information.
=245  10$aAddresses, statements, etc ... /$cby Gove Hambidge, principal research writer ...
=362  1\$aCeased.
=500  \\$aTitle devised by cataloger.
=590  \\$aBeginning July 1939- see 1.914 A2H17.
=500  \\$aEach no. has individual title.
=588  \\$aDescription based on: Oct. 3, 1938.
=588  \\$aLatest issue consulted: June 5, 1939.
=593  \\$fAgricola CAT
=650  \0$aAgriculture$zUnited States$vPeriodicals.
=650  \0$aRadio scripts$zUnited States$vPeriodicals.
=655  \3$aInternet resource
=700  1\$aHambidge, Gove,$d1890-
=740  02$aNutrition as a national problem.
=740  02$aSoils and men.
=856  41$uhttps://archive.org/details/usda-nationalfarmhomehour
=912  \\$analcatalog
=930  \\$a20140702$b20140807$c00000000
=939  \\$a20140319$b20140404$c00000000
=945  \\$aDigiMet
=945  \\$p108
=946  \\$aUSDA
=959  \\$c2013-04-02$essouder$gap
=959  \\$c2014-03-19$ergallett$gaccadd

