=LDR  02002cas a2200553 a 4500
=001  9915447309507426
=005  20240624183340.0
=008  001010d19281932dcuwr\p\\\\\\f|\\\\0eng\c
=010  \\$a  2011220828
=016  7\$aCAT11085441$2DNAL
=035  \\$a849751
=035  \\$a(OCoLC)85774727
=035  \\$a(DNAL)849751-naldb-Voyager
=040  \\$aAGL$beng$cAGL$dAGL$dOCLCQ$dOCLCO$dOCLCA$dOCLCQ$dOCLCA$dOCLCF$dOCLCO
=042  \\$apcc
=043  \\$an-us---
=049  \\$aAGLL
=070  0\$a1.9$bIn3Fss
=072  \0$aA000
=072  \0$aE200
=245  00$aFarm science snapshots.
=246  3\$aR-FSS
=260  \\$a[Washington, D.C.] :$bU.S. Dept. of Agriculture, Office of Information, Radio Service
=310  \\$aWeekly
=336  \\$atext$btxt$2rdacontent
=337  \\$aunmediated$bn$2rdamedia
=362  1\$aBegan with Oct. 6, 1928; ceased with Jan. 16, 1932.
=530  \\$aLibrary also holds microfilm. Oct. 6, 1928-Jan. 16, 1932. Beltsville, MD : National Agricultural Library ; Cottage City, MD : Micromedia Laboratories, Inc., 1999. 2 microfilm reels ; 35 mm. (NAL call no.: Film S-2688)
=588  \\$aFinal issue consulted.
=588  \\$aDescription based on first issue; title from caption.
=591  \\$bNAL Reclamation
=593  \\$fAgricola CAT
=650  \0$aAgriculture$zUnited States$vPeriodicals.
=650  \0$aFarm management$zUnited States$vPeriodicals.
=651  \7$aUnited States.$2fast$0(OCoLC)fst01204155
=655  \3$aInternet resource.
=655  \7$aPeriodicals.$2fast$0(OCoLC)fst01411641
=710  1\$aUnited States.$bDepartment of Agriculture.$bRadio Service.
=776  08$tFarm science snapshots$h[microform]
=785  00$tFarm flashes
=850  \\$aDNAL
=856  41$uhttps://archive.org/details/usda-usdaradioservice
=912  \\$analcatalog
=930  \\$a20140702$b20140807$c00000000
=939  \\$a20070306$b20070402$c00000000
=945  \\$ddgoldberg$e2007/03/06
=945  \\$vpt. 1
=945  \\$p30
=945  \\$aDigiMet
=945  \\$vpt. 2
=945  \\$p36
=945  \\$aDigiMet
=945  \\$vpt. 3
=945  \\$p38
=945  \\$aDigiMet
=945  \\$vpt. 4
=945  \\$p32
=945  \\$aDigiMet
=945  \\$vpt. 5
=945  \\$p36
=945  \\$aDigiMet
=945  \\$vpt. 6
=945  \\$p38
=945  \\$aDigiMet
=945  \\$vpt. 7
=945  \\$p30
=945  \\$aDigiMet
=945  \\$vpt. 8
=945  \\$p32
=945  \\$aDigiMet
=945  \\$vpt. 9
=945  \\$p44
=945  \\$aDigiMet
=945  \\$vpt. 10
=945  \\$p34
=945  \\$aDigiMet
=945  \\$vpt. 11
=945  \\$p42
=945  \\$aDigiMet
=945  \\$vpt. 12
=945  \\$p34
=945  \\$aDigiMet
=945  \\$vpt. 13
=945  \\$p34
=945  \\$aDigiMet
=945  \\$vpt. 14
=945  \\$p40
=945  \\$aDigiMet
=945  \\$vpt. 15
=945  \\$p34
=945  \\$aDigiMet
=945  \\$vpt. 16
=945  \\$p34
=945  \\$aDigiMet
=945  \\$vpt. 17
=945  \\$p32
=945  \\$aDigiMet
=945  \\$vpt. 18
=945  \\$p42
=945  \\$aDigiMet
=945  \\$vpt. 19
=945  \\$p36
=945  \\$aDigiMet
=945  \\$vpt. 20
=945  \\$p38
=945  \\$aDigiMet
=945  \\$vpt. 21
=945  \\$p28
=945  \\$aDigiMet
=945  \\$vpt. 22
=945  \\$p34
=945  \\$aDigiMet
=945  \\$vpt. 23
=945  \\$p40
=945  \\$aDigiMet
=945  \\$vpt. 24
=945  \\$p36
=945  \\$aDigiMet
=945  \\$vpt. 25
=945  \\$p36
=945  \\$aDigiMet
=945  \\$vpt. 26
=945  \\$p40
=945  \\$aDigiMet
=945  \\$vpt. 27
=945  \\$p32
=945  \\$aDigiMet
=945  \\$vpt. 28
=945  \\$p38
=945  \\$aDigiMet
=945  \\$vpt. 29
=945  \\$p30
=945  \\$aDigiMet
=945  \\$vpt. 30
=945  \\$p30
=945  \\$aDigiMet
=945  \\$vpt. 31
=945  \\$p30
=945  \\$aDigiMet
=945  \\$vpt. 32
=945  \\$p36
=945  \\$aDigiMet
=945  \\$vpt. 33
=945  \\$p28
=945  \\$aDigiMet
=945  \\$vpt. 34
=945  \\$p32
=945  \\$aDigiMet
=945  \\$vpt. 35
=945  \\$p42
=945  \\$aDigiMet
=945  \\$vpt. 36
=945  \\$p32
=945  \\$aDigiMet
=945  \\$vpt. 37
=945  \\$p34
=945  \\$aDigiMet
=945  \\$vpt. 38
=945  \\$p32
=945  \\$aDigiMet
=945  \\$vpt. 39
=945  \\$p34
=945  \\$aDigiMet
=945  \\$vpt. 40
=945  \\$p22
=945  \\$aDigiMet
=946  \\$aUSDA
=959  \\$c2013-04-02$essouder$gap
=994  \\$a92$bAGL

