=LDR  01375cas a2200373M  4500
=001  9915447325607426
=005  20240624183339.0
=008  001010d19uu19uucauuu\\\\\\\\f0\\\\0eng\d
=016  7\$aCAT11084767$2DNAL
=035  \\$a849222
=035  \\$a(OCoLC)1289064336
=035  \\$a(DNAL)849222-naldb-Voyager
=040  \\$aAGL$beng$cAGL
=049  \\$aRQIC
=070  0\$a1.9422$bA8F732
=110  1\$aUnited States.$bWar Food Administration.$bOffice of Distribution.
=245  10$aFood views in the news; a weekly service for food editors of western dailies.
=260  \\$aSan Francisco.
=362  1\$aCeased.
=550  \\$aIssuing office varies: Dec. 30, 1944-Aug. 13, 1945. U.S. Office of marketing services. Aug. 20, 1945-Je. 27, 1947, U.S. Production and marketing administration.
=591  \\$bNAL Reclamation
=593  \\$fAgricola CAT
=650  \0$aFood$zUnited States.
=655  \3$aInternet resource.
=710  1\$aUnited States.$bOffice of Marketing Services.
=710  1\$aUnited States.$bDepartment of Agriculture.$bProduction and Marketing Administration.
=856  41$uhttps://archive.org/details/usda-warfoodadministration
=912  \\$analcatalog
=930  \\$a20140812$b20140905$c00000000
=939  \\$a20140402$b20140502$c00000000
=945  \\$aDigiMet
=945  \\$vpt. 1
=945  \\$p30
=945  \\$aDigiMet
=945  \\$vpt. 2
=945  \\$p26
=945  \\$aDigiMet
=945  \\$vpt. 3
=945  \\$p22
=945  \\$aDigiMet
=945  \\$vpt. 4
=945  \\$p22
=945  \\$aDigiMet
=945  \\$vpt. 5
=945  \\$p26
=945  \\$aDigiMet
=945  \\$vpt. 6
=945  \\$p22
=945  \\$aDigiMet
=945  \\$vpt. 7
=945  \\$p26
=945  \\$aDigiMet
=945  \\$vpt. 8
=945  \\$p32
=945  \\$aDigiMet
=945  \\$vpt. 9
=945  \\$p30
=945  \\$aDigiMet
=945  \\$vpt. 10
=945  \\$p22
=945  \\$aDigiMet
=945  \\$vpt. 11
=945  \\$p30
=945  \\$aDigiMet
=945  \\$vpt. 12
=945  \\$p28
=945  \\$aDigiMet
=945  \\$vpt. 13
=945  \\$p18
=945  \\$aDigiMet
=945  \\$vpt. 14
=945  \\$p22
=945  \\$aDigiMet
=945  \\$vpt. 15
=945  \\$p26
=945  \\$aDigiMet
=945  \\$vpt. 16
=945  \\$p22
=945  \\$aDigiMet
=945  \\$vpt. 17
=945  \\$p22
=945  \\$aDigiMet
=945  \\$vpt. 18
=945  \\$p28
=945  \\$aDigiMet
=945  \\$vpt. 19
=945  \\$p22
=945  \\$aDigiMet
=945  \\$vpt. 20
=945  \\$p22
=945  \\$aDigiMet
=945  \\$vpt. 21
=945  \\$p28
=945  \\$aDigiMet
=945  \\$vpt. 22
=945  \\$p26
=945  \\$aDigiMet
=945  \\$vpt. 23
=945  \\$p24
=945  \\$aDigiMet
=945  \\$vpt. 24
=945  \\$p26
=945  \\$aDigiMet
=945  \\$vpt. 25
=945  \\$p22
=945  \\$aDigiMet
=945  \\$vpt. 26
=945  \\$p22
=945  \\$aDigiMet
=945  \\$vpt. 27
=945  \\$p26
=945  \\$aDigiMet
=945  \\$vpt. 28
=945  \\$p22
=945  \\$aDigiMet
=945  \\$vpt. 29
=945  \\$p26
=945  \\$aDigiMet
=945  \\$vpt. 30
=945  \\$p22
=945  \\$aDigiMet
=945  \\$vpt. 31
=945  \\$p24
=945  \\$aDigiMet
=945  \\$vpt. 32
=945  \\$p26
=945  \\$aDigiMet
=945  \\$vpt. 33
=945  \\$p10
=945  \\$aDigiMet
=945  \\$vpt. 34
=945  \\$p22
=945  \\$aDigiMet
=945  \\$vpt. 35
=945  \\$p26
=945  \\$aDigiMet
=945  \\$vpt. 36
=945  \\$p22
=945  \\$aDigiMet
=945  \\$vpt. 37
=945  \\$p26
=945  \\$aDigiMet
=945  \\$vpt. 38
=945  \\$p22
=945  \\$aDigiMet
=945  \\$vpt. 39
=945  \\$p22
=945  \\$aDigiMet
=945  \\$vpt. 40
=945  \\$p22
=945  \\$aDigiMet
=945  \\$vpt. 41
=945  \\$p26
=945  \\$aDigiMet
=945  \\$vpt. 42
=945  \\$p22
=946  \\$aUSDA
=959  \\$c2013-04-02$essouder$gap
=959  \\$c2014-04-02$ergallett$gaccadd
=994  \\$a92$bAGL

