=LDR  03058cas a2200637 a 4500
=001  9915447407807426
=005  20240624183357.0
=008  001010d19uu1972dcuqr\\\\\\\\\0\\\a0eng\d
=010  \\$asn 79008585 
=016  7\$aCAT11085499$2DNAL
=022  0\$a0565-2154$l0565-2154$21
=035  \\$a849666
=035  \\$a(OCoLC)05387722
=035  \\$a(DNAL)849666-naldb-Voyager
=040  \\$aNSD$beng$cNSD$dOCL$dUPM$dOCLCQ$dCGU$dOCLCA$dOCLCQ$dOCLCA$dOCLCF$dOCLCO$dGPO$dAGL
=042  \\$ansdp
=043  \\$an-us---
=049  \\$aRQIC
=050  \0$aHD9134$b.A24
=070  0\$a1.9$bEc714
=086  0\$aA 88.34:
=222  \0$aTobacco stocks report
=245  00$aTobacco stocks report.
=246  3\$aTobacco stocks report as of ...
=260  \\$aWashington, D.C. :$b[War Food Administration, Office of Distribution],$c-1972.
=300  \\$avolumes ;$c29 cm.
=310  \\$aQuarterly
=336  \\$atext$btxt$2rdacontent
=337  \\$aunmediated$bn$2rdamedia
=338  \\$avolume$bnc$2rdacarrier
=362  1\$aCeased with Apr. 1972.
=490  1\$aJan.-Oct. 1957 : AMS ;$v186
=515  \\$aIssues for Jan. 1958-Apr. 1972 also called TOB-1--TOB-58.
=550  \\$aIssued by: War Food Administration, Office of Distribution, Jan.-Oct. 1944; War Food Administration, Office of Marketing Services, Jan.-Apr. 1945; U.S. Dept. of Agriculture, Production and Marketing Administration, Jul. 1945-Oct. 1953; U.S. Dept. of Agriculture, Agricultural Marketing Service, Tobacco Division, Jan. 1954-Oct. 1964: U.S. Dept. of Agriculture, Consumer and Marketing Service, Tobacco Division, Jan. 1965-Jan. 1972; U.S. Dept. of Agriculture, Agricultural Marketing Service, Tobacco Division, Apr. 1972.
=588  \\$aDescription based on: Jan. 1944 (issued Feb 1944); title from caption.
=588  \\$aLatest issue consulted: Apr. 1972 (issued May 22, 1972).
=591  \\$bNAL Reclamation
=593  \\$fAgricola CAT
=650  \0$aTobacco industry$zUnited States.
=651  \7$aUnited States.$2fast$0(OCoLC)fst01204155
=655  \3$aInternet resource.
=710  1\$aUnited States.$bWar Food Administration.$bOffice of Distribution.$0http://id.loc.gov/authorities/names/n82023923
=710  1\$aUnited States.$bOffice of Marketing Services.$0http://id.loc.gov/authorities/names/n80013434
=710  1\$aUnited States.$bDepartment of Agriculture.$bProduction and Marketing Administration.
=710  1\$aUnited States.$bAgricultural Marketing Service.$bTobacco Division.$0http://id.loc.gov/authorities/names/n81012353
=710  1\$aUnited States.$bConsumer and Marketing Service.$bTobacco Division.$0http://id.loc.gov/authorities/names/n81012352
=776  08$iOnline version:$tTobacco stocks report$w(OCoLC)989696148
=785  00$tTobacco stocks$x0360-439X
=830  \0$aAMS (Washington, D.C. : 1954)
=856  41$uhttps://archive.org/details/usda-tobaccostocksreport
=912  \\$analcatalog
=930  \\$a20140305$b00000000$c00000000
=936  \\$aJuly 1972 (surrogate)
=945  \\$aDigiMet
=945  \\$p18
=945  \\$aDigiMet
=945  \\$p24
=945  \\$aDigiMet
=945  \\$p16
=945  \\$aDigiMet
=945  \\$p12
=945  \\$aDigiMet
=945  \\$p24
=945  \\$aDigiMet
=945  \\$p18
=945  \\$aDigiMet
=945  \\$p24
=945  \\$aDigiMet
=945  \\$p22
=945  \\$aDigiMet
=945  \\$p21
=945  \\$aDigiMet
=945  \\$p22
=945  \\$aDigiMet
=945  \\$p10
=945  \\$aDigiMet
=945  \\$p22
=945  \\$aDigiMet
=945  \\$p22
=945  \\$aDigiMet
=945  \\$p24
=945  \\$aDigiMet
=945  \\$p21
=945  \\$aDigiMet
=945  \\$p22
=945  \\$aDigiMet
=945  \\$p24
=945  \\$aDigiMet
=945  \\$p20
=945  \\$aDigiMet
=945  \\$p21
=945  \\$aDigiMet
=945  \\$p24
=945  \\$aDigiMet
=945  \\$p12
=945  \\$aDigiMet
=945  \\$p21
=945  \\$aDigiMet
=945  \\$p20
=945  \\$aDigiMet
=945  \\$p18
=945  \\$aDigiMet
=945  \\$p24
=945  \\$aDigiMet
=945  \\$p20
=945  \\$aDigiMet
=945  \\$p20
=945  \\$aDigiMet
=945  \\$p20
=945  \\$aDigiMet
=945  \\$p18
=945  \\$aDigiMet
=945  \\$p24
=945  \\$aDigiMet
=945  \\$p18
=945  \\$aDigiMet
=945  \\$p24
=945  \\$aDigiMet
=945  \\$p18
=945  \\$aDigiMet
=945  \\$p10
=945  \\$aDigiMet
=945  \\$p18
=945  \\$aDigiMet
=945  \\$p18
=945  \\$aDigiMet
=945  \\$p20
=945  \\$aDigiMet
=945  \\$p24
=945  \\$aDigiMet
=945  \\$p24
=945  \\$aDigiMet
=945  \\$p24
=945  \\$aDigiMet
=945  \\$p28
=945  \\$aDigiMet
=945  \\$p18
=945  \\$aDigiMet
=945  \\$p24
=945  \\$aDigiMet
=945  \\$p28
=945  \\$aDigiMet
=945  \\$p20
=945  \\$aDigiMet
=945  \\$p16
=945  \\$aDigiMet
=945  \\$p18
=945  \\$aDigiMet
=945  \\$p18
=945  \\$aDigiMet
=945  \\$p24
=945  \\$aDigiMet
=945  \\$p16
=945  \\$aDigiMet
=945  \\$p20
=945  \\$aDigiMet
=945  \\$p24
=945  \\$aDigiMet
=945  \\$p21
=945  \\$aDigiMet
=945  \\$p24
=945  \\$aDigiMet
=945  \\$p24
=945  \\$aDigiMet
=945  \\$p32
=945  \\$aDigiMet
=945  \\$p22
=945  \\$aDigiMet
=945  \\$p24
=945  \\$aDigiMet
=945  \\$p28
=945  \\$aDigiMet
=945  \\$p20
=945  \\$aDigiMet
=945  \\$p20
=945  \\$aDigiMet
=945  \\$p20
=945  \\$aDigiMet
=945  \\$p18
=945  \\$aDigiMet
=945  \\$p24
=945  \\$aDigiMet
=945  \\$p6
=945  \\$aDigiMet
=945  \\$p24
=945  \\$aDigiMet
=945  \\$p18
=945  \\$aDigiMet
=945  \\$p22
=945  \\$aDigiMet
=945  \\$p24
=945  \\$aDigiMet
=945  \\$p22
=945  \\$aDigiMet
=945  \\$p18
=945  \\$aDigiMet
=945  \\$p28
=945  \\$aDigiMet
=945  \\$p14
=945  \\$aDigiMet
=945  \\$p20
=945  \\$aDigiMet
=945  \\$p18
=945  \\$aDigiMet
=945  \\$p22
=945  \\$aDigiMet
=945  \\$p20
=945  \\$aDigiMet
=945  \\$p22
=945  \\$aDigiMet
=945  \\$p22
=945  \\$aDigiMet
=945  \\$p10
=945  \\$aDigiMet
=945  \\$p20
=945  \\$aDigiMet
=945  \\$p20
=945  \\$aDigiMet
=945  \\$p24
=945  \\$aDigiMet
=945  \\$p18
=945  \\$aDigiMet
=945  \\$p22
=945  \\$aDigiMet
=945  \\$p24
=945  \\$aDigiMet
=945  \\$p24
=945  \\$aDigiMet
=945  \\$p10
=945  \\$aDigiMet
=945  \\$p18
=945  \\$aDigiMet
=945  \\$p26
=945  \\$aDigiMet
=945  \\$p16
=945  \\$aDigiMet
=945  \\$p18
=945  \\$aDigiMet
=945  \\$p18
=945  \\$aDigiMet
=945  \\$p24
=945  \\$aDigiMet
=945  \\$p20
=945  \\$aDigiMet
=945  \\$p20
=945  \\$aDigiMet
=945  \\$p18
=945  \\$aDigiMet
=945  \\$p24
=945  \\$aDigiMet
=945  \\$p24
=945  \\$aDigiMet
=945  \\$p24
=945  \\$aDigiMet
=945  \\$p25
=945  \\$aDigiMet
=945  \\$p22
=945  \\$aDigiMet
=945  \\$p24
=945  \\$aDigiMet
=945  \\$p18
=945  \\$aDigiMet
=945  \\$p26
=945  \\$aDigiMet
=945  \\$p20
=945  \\$aDigiMet
=945  \\$p28
=945  \\$aDigiMet
=945  \\$p24
=945  \\$aDigiMet
=945  \\$p18
=945  \\$aDigiMet
=945  \\$p22
=945  \\$aDigiMet
=945  \\$p14
=945  \\$aDigiMet
=945  \\$p18
=945  \\$aDigiMet
=945  \\$p22
=945  \\$aDigiMet
=945  \\$p18
=945  \\$aDigiMet
=945  \\$p20
=945  \\$aDigiMet
=945  \\$p20
=945  \\$aDigiMet
=945  \\$p20
=945  \\$aDigiMet
=945  \\$p22
=945  \\$aDigiMet
=945  \\$p24
=945  \\$aDigiMet
=945  \\$p14
=945  \\$aDigiMet
=945  \\$p20
=945  \\$aDigiMet
=945  \\$p20
=945  \\$aDigiMet
=945  \\$p20
=945  \\$aDigiMet
=945  \\$p20
=945  \\$aDigiMet
=945  \\$p24
=945  \\$aDigiMet
=945  \\$p25
=945  \\$aDigiMet
=945  \\$p22
=945  \\$aDigiMet
=945  \\$p24
=945  \\$aDigiMet
=945  \\$p28
=945  \\$aDigiMet
=945  \\$p24
=945  \\$aDigiMet
=945  \\$p28
=945  \\$aDigiMet
=945  \\$p18
=945  \\$aDigiMet
=945  \\$p16
=945  \\$aDigiMet
=945  \\$p28
=945  \\$aDigiMet
=945  \\$p18
=945  \\$aDigiMet
=945  \\$p18
=945  \\$aDigiMet
=945  \\$p20
=945  \\$aDigiMet
=945  \\$p22
=945  \\$aDigiMet
=945  \\$p24
=945  \\$aDigiMet
=945  \\$p28
=945  \\$aDigiMet
=945  \\$p18
=945  \\$aDigiMet
=945  \\$p16
=945  \\$aDigiMet
=945  \\$p8
=945  \\$aDigiMet
=945  \\$p18
=945  \\$aDigiMet
=945  \\$p28
=945  \\$aDigiMet
=945  \\$p20
=945  \\$aDigiMet
=945  \\$p22
=945  \\$aDigiMet
=945  \\$p24
=945  \\$aDigiMet
=945  \\$p22
=945  \\$aDigiMet
=945  \\$p18
=945  \\$aDigiMet
=945  \\$p22
=945  \\$aDigiMet
=945  \\$p21
=945  \\$aDigiMet
=945  \\$p24
=945  \\$aDigiMet
=945  \\$p22
=945  \\$aDigiMet
=945  \\$p22
=945  \\$aDigiMet
=945  \\$p22
=945  \\$aDigiMet
=945  \\$p20
=945  \\$aDigiMet
=945  \\$p24
=945  \\$aDigiMet
=945  \\$p22
=945  \\$aDigiMet
=945  \\$p12
=945  \\$aDigiMet
=945  \\$p20
=945  \\$aDigiMet
=945  \\$p26
=945  \\$aDigiMet
=945  \\$p24
=945  \\$aDigiMet
=945  \\$p28
=945  \\$aDigiMet
=945  \\$vpt. 166
=945  \\$p22
=945  \\$aDigiMet
=945  \\$vpt. 167
=945  \\$p26
=945  \\$aDigiMet
=945  \\$vpt. 168
=945  \\$p28
=945  \\$aDigiMet
=945  \\$vpt. 169
=945  \\$p22
=946  \\$aUSDA
=959  \\$c2013-04-02$essouder$gap
=994  \\$a92$bAGL

