=LDR  01953cas a2200469M  4500
=001  9915447414207426
=005  20240624183406.0
=008  001010d194419uucauuu\\\\\\\\f0\\\\0eng\d
=016  7\$aCAT11084755$2DNAL
=035  \\$a849221
=035  \\$a(OCoLC)1289099898
=035  \\$a(DNAL)849221-naldb-Voyager
=040  \\$aAGL$beng$cAGL
=049  \\$aRQIC
=070  0\$a1.9422$bA8F735
=110  1\$aUnited States.$bOffice of Marketing Services.
=245  10$aFood fights for freedom ... at home and abroad.
=260  \\$aSan Francisco.
=362  0\$aScript no. 1- Mar. 20, 1944-
=362  1\$aCeased.
=550  \\$aIssued by Western region.
=550  \\$aIssuing office varies: no. 1-38, Mar. 20-Dec. 20, 1944, U.S. War Food Administration. Office of Distribution. no. 42-75, Jan. 23-Sept. 5, 1945, U.S. Commodity Credit Corporation. Office of Supply. no. 76- Sept. 11, 1945- U.S. Production and Marketing Administration.
=591  \\$bNAL Reclamation
=593  \\$fAgricola CAT
=650  \0$aFood supply$xMilitary aspects$zUnited States$xHistory$y20th century.
=650  \0$aWorld War, 1939-1945$xFood supply.
=650  \0$aFood industry and trade$xMilitary aspects$zUnited States$xHistory$y20th century.
=650  \0$aFood conservation$zUnited States$xHistory$y20th century.
=655  \3$aInternet resource.
=710  1\$aUnited States.$bWar Food Administration.$bOffice of Distribution.
=710  2\$aCommodity Credit Corporation.$bOffice of Supply.
=710  1\$aUnited States.$bDepartment of Agriculture.$bProduction and Marketing Administration.
=856  41$uhttps://archive.org/details/usda-foodfightsforfreedom
=912  \\$analcatalog
=930  \\$a20140115$b20140207$c00000000
=939  \\$a20130710$b20130906$c00000000
=945  \\$aDigiMet
=945  \\$p90
=945  \\$aDigiMet
=945  \\$p78
=945  \\$aDigiMet
=945  \\$p76
=945  \\$aDigiMet
=945  \\$p34
=945  \\$aDigiMet
=945  \\$p76
=945  \\$aDigiMet
=945  \\$p90
=945  \\$aDigiMet
=945  \\$p54
=945  \\$aDigiMet
=945  \\$p100
=945  \\$aDigiMet
=945  \\$p70
=945  \\$aDigiMet
=945  \\$p68
=945  \\$aDigiMet
=945  \\$p56
=945  \\$aDigiMet
=945  \\$p94
=945  \\$aDigiMet
=945  \\$p70
=945  \\$aDigiMet
=945  \\$p48
=945  \\$aDigiMet
=945  \\$p110
=945  \\$aDigiMet
=945  \\$p92
=945  \\$aDigiMet
=945  \\$p72
=945  \\$aDigiMet
=945  \\$p46
=945  \\$aDigiMet
=945  \\$p64
=945  \\$aDigiMet
=945  \\$p64
=945  \\$aDigiMet
=945  \\$p60
=945  \\$aDigiMet
=945  \\$p30
=945  \\$aDigiMet
=945  \\$p54
=945  \\$aDigiMet
=945  \\$p74
=945  \\$aDigiMet
=945  \\$p106
=945  \\$aDigiMet
=945  \\$p100
=945  \\$aDigiMet
=945  \\$p80
=946  \\$aUSDA
=959  \\$c2014-01-15$essouder$gurl
=959  \\$c2013-04-02$essouder$gap
=959  \\$c2013-07-10$ergallett$gaccadd
=959  \\$c2013-07-10$ergallett$gap
=994  \\$a92$bAGL

