=LDR  01284cam a2200421Mi 4500
=001  9915448345007426
=005  20240624184507.0
=008  950222s1881\\\\ohu\\\\\\\\\\\000\0\eng\d
=010  \\$aagr15001606 
=016  7\$aCAT10891718$2DNAL
=035  \\$a687871
=035  \\$a(OCoLC)71075937
=035  \\$a(DNAL)687871-naldb-Voyager
=040  \\$aAGL$beng$cAGL$dOCLCF$dOCLCO$dOCLCQ$dAGL
=049  \\$aRQIB
=070  0\$a94.21$bC85
=070  0\$a62.67$b1881
=072  \0$aF110
=100  1\$aCrawford, Matthew.
=245  10$aCrawford's strawberry culture with catalogue ...
=260  \\$aCuyahoga Falls, OH :$bM. Crawford,$c1881.
=300  \\$a28 pages ;$c21 cm
=336  \\$atext$btxt$2rdacontent
=337  \\$aunmediated$bn$2rdamedia
=338  \\$avolume$bnc$2rdacarrier
=591  \\$bNAL Reclamation
=593  \\$fAgricola CAT
=650  \0$aStrawberries.$0http://id.loc.gov/authorities/subjects/sh85128547
=655  \3$aInternet resource.
=856  41$uhttps://archive.org/details/crawfordsstrawbe1881craw
=911  \\$ichl00051765
=912  \\$analcatalog
=930  \\$a20140812$b20140905$c00000000
=939  \\$a20140418$b20140502$c00000000
=945  \\$aDigiMet
=945  \\$p34
=945  \\$aDigiMet
=946  \\$aOther US
=958  \\$aresource$be$c2014-04-18$do$edgoldber$hrecon
=994  \\$a92$bAGL

