=LDR  01804cam a2200445Ia 4500
=001  9915448623307426
=005  20240620135229.0
=008  950214s1994\\\\coua\\\\\b\\\f000\0\eng\\
=016  7\$aCAT10690766$2DNAL
=035  \\$a687199
=035  \\$a(OCoLC)31978569
=035  \\$a(DNAL)687199-naldb-Voyager
=040  \\$aAGL$beng$cAGL$dOCLCO$dOCLCA$dOCLCF$dOCLCQ$dOCLCA$dAGL
=049  \\$aAGLL
=070  0\$a1$bAg84M no.1521
=072  \0$aL820
=110  2\$aDenver Wildlife Research Center.$0http://id.loc.gov/authorities/names/n78053008
=245  14$aThe Denver wildlife research center :$bhighlights report, 1993.
=246  17$aDWRC highlights report: 1993
=260  \\$aDenver, CO :$bU.S. Dept. of Agriculture, Animal and Plant Health Inspection Service,$c[1994]
=300  \\$a39 pages :$billustrations ;$c28 cm.
=336  \\$atext$btxt$2rdacontent
=337  \\$aunmediated$bn$2rdamedia
=338  \\$avolume$bnc$2rdacarrier
=490  1\$aMiscellaneous publication / United States Dept. of Agriculture Animal and Helth Inspection Service ;$vno. 1521
=504  \\$aIncludes bibliographical references (pages 36-38).
=591  \\$bNAL Reclamation
=593  \\$fAgricola CAT
=610  20$aDenver Wildlife Research Center$xResearch.
=610  27$aDenver Wildlife Research Center.$2fast$0(OCoLC)fst00526670
=650  \0$aWildlife pests$xControl.$0http://id.loc.gov/authorities/subjects/sh85146744
=655  \3$aInternet resource.
=830  \0$aMiscellaneous publication (United States. Department of Agriculture) ;$vno. 1521.
=856  41$uhttps://archive.org/details/denverwildlifere1521denv
=912  \\$analcatalog
=930  \\$a20140305$b20140404$c00000000
=939  \\$a19950303$b19950309$c00000000
=945  \\$dML$e95/02/14$fEJ$g95/02/17$n1
=945  \\$p44
=945  \\$aDigiMet
=946  \\$aUSDA
=994  \\$a92$bAGL

