=LDR  02086cam a2200565Ia 4500
=001  9915448704007426
=005  20240624184508.0
=008  890205s1976\\\\dcub\\\\\b\\\f001\0\eng\d
=010  \\$z   79653298 
=016  7\$aCAT10306162$2DNAL
=035  \\$a354289
=035  \\$a(OCoLC)04053799
=035  \\$a(DNAL)354289-naldb-Voyager
=040  \\$aZBM$beng$cZBM$dAGL$dOCL$dOCLCQ$dVOD$dOCLCA$dAGL$dOCLCQ$dOCLCF$dLHA$dOCLCO$dOCLCA$dAERDC
=043  \\$an-us---
=049  \\$aAGLX
=050  \0$aS21$b.U5m no.1314
=070  0\$a1$bAg84M no.1314
=072  \0$aF700
=072  \0$aK001
=086  0\$aA 1.38:1314
=100  1\$aLittle, Elbert L.$q(Elbert Luther),$d1907-2004.$0http://id.loc.gov/authorities/names/n80057318
=245  10$aAtlas of United States trees.$nvolume 3,$pMinor western hardwoods /$cby Elbert L. Little, Jr.
=260  \\$aWashington, D.C. :$bU.S. Dept. of Agriculture, Forest Service,$c1976.
=300  \\$aapproximately 300 pages :$bchiefly maps ;$c31 cm.
=336  \\$atext$btxt$2rdacontent
=337  \\$aunmediated$bn$2rdamedia
=338  \\$avolume$bnc$2rdacarrier
=490  1\$aMiscellaneous publication / United States Department of Agriculture ;$vno. 1314
=504  \\$aIncludes bibliographical references (pages 11-13).
=591  \\$bNAL Reclamation
=593  \\$fAgricola CAT
=650  \0$aHardwoods$vMaps.
=650  \0$aTrees$zUnited States$vMaps.
=651  \7$aUnited States.$2fast$0(OCoLC)fst01204155
=655  \3$aInternet resource.
=655  \7$aMaps.$2fast$0(OCoLC)fst01423704
=830  \0$aMiscellaneous publication (United States. Department of Agriculture) ;$vno. 1314.
=841  \\$ax$b8709220u    0   4   uu   1870922$ez
=852  \\$aDNAL$i1 Ag84M no.1314
=856  41$uhttps://archive.org/details/atlasofunitedsta1314litt
=912  \\$analcatalog
=930  \\$a20140305$b20140404$c00000000
=939  \\$a20130111$b20130201$c00000000
=939  \\$a20100322$b20100403$c00000000
=945  \\$aXIU
=945  \\$p332
=945  \\$aDigiMet
=946  \\$aUSDA
=959  \\$c2013-01-11$essouder$gother
=959  \\$c2010-03-22$eryounger$gap
=994  \\$a92$bAGL

