=LDR  01608cam a2200457Ia 4500
=001  9915449031107426
=005  20240624184548.0
=008  960503s1987\\\\paua\\\\\b\\\f000\0\eng\d
=016  7\$aCAT10741814$2DNAL
=035  \\$a(OCoLC)ocm21589674 960504
=035  \\$90741-81460
=035  \\$a777592
=035  \\$a(DNAL)777592-naldb-Voyager
=040  \\$aGPO$cGPO$dOCL$dAGL
=043  \\$an-us-nh
=049  \\$aAGLL
=070  0\$aaF34.G58$b1987
=072  \0$aX800
=086  0\$aA 13.42/27:NE-RN-334
=100  1\$aGlass, Ronald J.
=245  10$aVisitor expectations, satisfactions and views toward financial support for selected New Hampshire historic sites /$cRonald J. Glass, Nancy Gustke.
=260  \\$a[Broomall, PA] :$bU.S. Dept. of Agriculture, Forest Service,  Northeastern Forest Experiment Station,$c[1987]
=300  \\$a6 p. ;$c28 cm.
=440  \0$aNE-RN ;$v334
=500  \\$aCaption title.
=500  \\$aDistributed to depository libraries in microfiche.
=500  \\$a"March 1987"--P. 6.
=504  \\$aIncludes bibliographical references (p. 6).
=593  \\$fAgricola CAT
=650  \0$aHistoric sites$zNew Hampshire.
=650  \0$aNational parks and reserves$xPublic use.
=655  \3$aInternet resource
=700  1\$aGustke, Nancy.
=710  2\$aNortheastern Forest Experiment Station (Radnor, Pa.)
=856  41$uhttps://archive.org/details/visitorexpectati334glas
=912  \\$analcatalog
=930  \\$a20140115$b20140207$c00000000
=939  \\$a19960605$b19960611$c00000000
=945  \\$dDF$e96/04/15$fJR$g96/05/03
=945  \\$p12
=945  \\$aDigiMet
=946  \\$aUSDA
=959  \\$c2014-01-15$essouder$gurl

