=LDR  01822cam a2200493Ia 4500
=001  9915449266507426
=005  20240620140358.0
=008  890205s1962\\\\dcua\\\\\\\\\f000\0\eng\d
=016  7\$aCAT10306161$2DNAL
=035  \\$a357113
=035  \\$a(OCoLC)03083583
=035  \\$a(DNAL)357113-naldb-Voyager
=040  \\$aVHB$beng$cVHB$dAGL$dOCLCQ$dNUI$dOCLCQ$dOCLCF$dOCLCQ$dCOD$dCSF$dNOC$dOCL$dSFR$dGPO
=049  \\$aAGLX
=050  \0$aHD9235.T6$bM7
=070  0\$aA280.39$bAg8M no.19
=072  \0$aQ005
=072  \0$aE700
=074  \\$a0013-G
=086  0\$aA 1.95:19
=100  1\$aMorrison, W. W.$q(Wendell Wallace),$d1897-
=245  10$aPreparing fresh tomatoes for market /$cby W.W. Morrison.
=260  \\$aWashington, D.C. :$bU.S. Dept. of Agriculture,$c1962.
=300  \\$a13 pages :$billustrations ;$c23 cm.
=336  \\$atext$btxt$2rdacontent
=337  \\$aunmediated$bn$2rdamedia
=338  \\$avolume$bnc$2rdacarrier
=490  1\$aMarketing bulletin ;$vno. 19
=591  \\$bNAL Reclamation
=593  \\$fAgricola CAT
=650  \0$aTomatoes$xPacking.
=650  \0$aTomatoes$xMarketing.
=655  \3$aInternet resource.
=710  1\$aUnited States.$bAgricultural Marketing Service.$bFruit and Vegetable Division.$0http://id.loc.gov/authorities/names/n81075883
=776  08$iOnline version:$aMorrison, W. W. (Wendell Wallace), 1897-$tPreparing fresh tomatoes for market.$dWashington, D.C. : U.S. Dept. of Agriculture, 1962$w(OCoLC)1021824296
=830  \0$aMarketing bulletin (Washington, D.C.) ;$vno. 19.
=841  \\$ax   $b8709220u    0   4   uu   1870922$ez
=852  \\$aDNAL$iA280.39 Ag8M no.19
=856  40$uhttps://archive.org/details/preparingfreshto19morr
=912  \\$analcatalog
=930  \\$a20140411$b20140502$c00000000
=945  \\$aXIU
=945  \\$p20
=945  \\$aDigiMet
=946  \\$aUSDA
=994  \\$a92$bAGL

