=LDR  02325cam a2200577 i 4500
=001  9915449420107426
=005  20240624184627.0
=008  890202s1979\\\\dcu\\\\\\\\\\f100\0\eng\\
=010  \\$a   80601678 
=016  7\$aCAT10305466$2DNAL
=019  \\$a5391541$a822583188
=035  \\$a357586
=035  \\$a(OCoLC)07464314$z(OCoLC)5391541$z(OCoLC)822583188
=035  \\$a(DNAL)357586-naldb-Voyager
=035  \\$z(OCoLC)5391541$z(OCoLC)822583188
=040  \\$aDLC$beng$cDLC$dBTCTA$dGPO$dOCLCO$dOCLCQ$dOCLCF$dOCLCO$dIAD$dOCLCO$dOCL$dIAD$dCOF$dOCLCQ$dOCLCO$dAGL
=043  \\$an-us---
=049  \\$aAGLX
=050  00$aHD9005$b.N33 1979
=070  0\$aaHD1751.U56$bno.65
=072  \0$aE700
=072  \0$aE400
=074  \\$a21-N-2
=086  0\$aA 105.25:65
=111  2\$aNational Conference of Bargaining & Marketing Cooperatives,$n23d,$cLas Vegas, Nev.,$d1979.
=245  10$aProceedings /$c23rd National Conference of Bargaining and Marketing Cooperatives, January 6-7, 1979, Las Vegas, Nevada.
=260  \\$a[Washington, D.C.] :$bU.S. Dept. of Agriculture, Economics, Statistics, and Cooperatives Service,$c1979.
=300  \\$aiv, 86 pages ;$c26 cm
=336  \\$atext$btxt$2rdacontent
=337  \\$aunmediated$bn$2rdamedia
=338  \\$avolume$bnc$2rdacarrier
=490  1\$aESCS ;$v65
=591  \\$bNAL Reclamation
=593  \\$fAgricola CAT
=650  \0$aCooperative marketing of farm produce$zUnited States$vCongresses.
=650  \0$aMarketing cooperatives$zUnited States$vCongresses.
=651  \7$aUnited States.$2fast$0(OCoLC)fst01204155
=655  \3$aInternet resource.
=655  \7$aConference papers and proceedings.$2fast$0(OCoLC)fst01423772
=710  1\$aUnited States.$bDepartment of Agriculture.$bEconomics, Statistics, and Cooperatives Service.$0http://id.loc.gov/authorities/names/n78006201
=810  1\$aUnited States.$bDepartment of Agriculture.$bEconomics, Statistics, and Cooperatives Service.$tESCS ;$v65.
=841  \\$ax$b8709220u    0   4   uu   1870922$ez
=852  \\$aDNAL$iaHD1751.U56 no.65
=856  40$uhttps://archive.org/details/proceedings65nati
=912  \\$analcatalog
=930  \\$a20140812$b20140905$c00000000
=938  \\$aBaker and Taylor$bBTCP$n80601678
=945  \\$aXIU
=945  \\$p100
=945  \\$aDigiMet
=946  \\$aUSDA
=959  \\$c2013-04-02$essouder$gap
=994  \\$a92$bAGL

