=LDR  01235cam a2200397L  4500
=001  9915449477907426
=005  20240624184640.0
=008  030424s1953\\\\dcu\\\\\\\\\\f001\0\eng\\
=010  \\$aagr53000286 
=016  7\$aCAT10525750$2DNAL
=035  \\$a(OCoLC)ocm13935182 030425
=035  \\$90525-75060
=035  \\$a899613
=035  \\$a(DNAL)899613-naldb-Voyager
=040  \\$aDLC$cUBY$dOCL$dOCLCQ$dAGL
=043  \\$an-us-dc
=049  \\$aAGLL
=070  0\$a1$bP81C no. 1
=072  \0$aF000
=100  1\$aFreeman, O. M.$q(Oliver Myles),$d1891-
=245  10$aAnnotated list of the plants growing naturally at the National Arboretum.
=260  \\$aWashington$b[U.S. G.P.O.]$c1953.
=300  \\$a48 p.$c24 cm.
=440  \0$aNational Arboretum contribution ;$vno. 1
=593  \\$fAgricola CAT
=650  \0$aBotany$zWashington (D.C.).
=655  \3$aInternet resource
=852  \\$aDNAr$iQK1.W47 no.1
=856  41$uhttp://archive.org/details/annotatedlistofp01free
=912  \\$analcatalog
=930  \\$a20130906$b20131018$c00000000
=939  \\$a20050504$b20050604$c00000000
=939  \\$a20030508$b20030509$c00000000
=945  \\$dCM$e2003/04/24fCM$g2003/04/24
=945  \\$p60
=945  \\$aDigiMet
=946  \\$aOther US
=959  \\$c2013-09-06$essouder$gurl

