=LDR  02024cam a2200493Ia 4500
=001  9915449490407426
=005  20240620140440.0
=008  030424s2003\\\\mdua\\\\\b\\\f000\0\eng\\
=016  7\$aCAT11132775$2DNAL
=035  \\$a899597
=035  \\$a(OCoLC)51824152
=035  \\$a(DNAL)899597-naldb-Voyager
=040  \\$aAGL$beng$cAGL$dOCLCQ$dOCLCF$dOCLCO$dOCLCA$dAGL
=043  \\$an-us---
=049  \\$aAGLL
=050  \0$aS21$b.A46 no. 1587
=070  0\$a1$bAg84M no. 1587
=072  \0$aP000
=110  2\$aNational Wildlife Research Center (U.S.)$0http://id.loc.gov/authorities/names/no98115031
=245  10$aInnovative solutions to human-wildlife conflicts :$bNational Wildlife Research Center accomplishments 2002.
=246  30$aNational Wildlife Research Center accomplishments 2002
=260  \\$a[Riverdale, Md.?] :$bU.S. Dept. of Agriculture, Animal and Plant Health Inspection Service,$c[2003?]
=300  \\$aii, 46 pages :$billustrations ;$c28 cm.
=336  \\$atext$btxt$2rdacontent
=337  \\$aunmediated$bn$2rdamedia
=338  \\$avolume$bnc$2rdacarrier
=490  1\$aMiscellaneous publication ;$vno. 1587
=504  \\$aIncludes bibliographical references (pages 44-46).
=591  \\$bNAL Reclamation
=593  \\$fAgricola CAT
=610  20$aNational Wildlife Research Center (U.S.)$0http://id.loc.gov/authorities/names/no98115031
=610  27$aNational Wildlife Research Center (U.S.)$2fast$0(OCoLC)fst00742257
=650  \0$aWildlife research$zUnited States.
=651  \7$aUnited States.$2fast$0(OCoLC)fst01204155
=655  \3$aInternet resource.
=710  1\$aUnited States.$bAnimal and Plant Health Inspection Service.
=830  \0$aMiscellaneous publication (United States. Department of Agriculture) ;$vno. 1587.
=856  41$uhttps://archive.org/details/innovativesoluti1587nati
=912  \\$analcatalog
=930  \\$a20140305$b20140404$c00000000
=939  \\$a20030508$b20030509$c00000000
=945  \\$dML$e2003/04/03$fAR$g2003/04/24$n1
=945  \\$p56
=945  \\$aDigiMet
=946  \\$aUSDA
=994  \\$a92$bAGL

