=LDR  02747cam a2200625Ia 4500
=001  9915449805307426
=005  20240620140550.0
=008  981230s1998\\\\pauab\\\\b\\\f000\0\eng\\
=016  7\$aCAT10859442$2DNAL
=019  \\$a1039825039$a1230177021$a1231849232
=035  \\$a824779
=035  \\$a(OCoLC)40552651$z(OCoLC)1039825039$z(OCoLC)1230177021$z(OCoLC)1231849232
=035  \\$a(DNAL)824779-naldb-Voyager
=035  \\$z(OCoLC)1039825039$z(OCoLC)1230177021$z(OCoLC)1231849232
=040  \\$aAGL$beng$cAGL$dOCLCQ$dORE$dOCLCF$dOCLCQ$dOCLCO$dCOD$dAGM$dAGL
=041  \\$aeng
=043  \\$an-us-wv
=049  \\$aAGLL
=050  \0$aSD11$b.U652 no.143, 1999
=070  0\$aA99.9$bF7622Uf no.143
=072  \0$aK510
=086  0\$aA 13.80:NE-143
=100  1\$aWidmann, Richard H.$0http://id.loc.gov/authorities/names/n84177637
=245  10$aWest Virginia timber products output :$b1994 /$cRichard H. Widmann, Eric H. Wharton, Edward C. Murriner.
=260  \\$aRadnor, PA :$bU.S. Dept. of Agriculture, Forest Service, Northeastern Research Station,$c[1998]
=300  \\$a15 pages :$billustrations, maps ;$c28 cm.
=336  \\$atext$btxt$2rdacontent
=337  \\$aunmediated$bn$2rdamedia
=338  \\$avolume$bnc$2rdacarrier
=490  1\$aResource bulletin NE ;$v143
=530  \\$aAlso available on the World Wide Web.
=504  \\$aIncludes bibliographical references (page 7).
=530  \\$aLibrary also holds microfiche, Washington, DC : Supt. of Docs., U.S. G.P.O., 2003 . 1 microfiches ; negative (NAL call no.: S-133 (A 13.80:NE-143)
=591  \\$bNAL Reclamation
=593  \\$fAgricola CAT
=650  \0$aTimber$zWest Virginia.
=650  \0$aForest products industry$zWest Virginia.
=650  \0$aWood$zWest Virginia.
=650  \3$awood products.
=651  \3$aWest Virginia.
=651  \7$aWest Virginia.$2fast$0(OCoLC)fst01205316
=655  \3$aInternet resource.
=700  1\$aWharton, Eric H.$0http://id.loc.gov/authorities/names/n80111442
=700  1\$aMurriner, Edward C.$0http://id.loc.gov/authorities/names/n93097698
=710  1\$aUnited States.$bForest Service.$bNortheastern Research Station.$0http://id.loc.gov/authorities/names/no98081992
=776  08$iOnline version:$aWidmann, Richard H.$tWest Virginia timber products output.$dRadnor, PA : U.S. Dept. of Agriculture, Forest Service, Northeastern Research Station, [1998]$w(OCoLC)631780349
=830  \0$aResource bulletin NE ;$v143.
=856  41$uhttps://archive.org/details/westvirginiatimb143widm
=912  \\$analcatalog
=930  \\$a20140207$b20140307$c00000000
=939  \\$a20041101$b20041201$c00000000
=939  \\$a19990101$b19990111$c00000000
=945  \\$dML$e98/12/29$fJR$g98/12/30$n1
=945  \\$p24
=945  \\$aDigiMet
=946  \\$aUSDA
=994  \\$a92$bAGL

