=LDR  01432cam a2200445Mi 4500
=001  9915450518707426
=005  20240624185626.0
=008  950425s1924\\\\dcu\\\\\\\\\\f000\0\eng\d
=016  7\$aCAT10968738$2DNAL
=035  \\$a731032
=035  \\$a(OCoLC)1288985322
=035  \\$a(DNAL)731032-naldb-Voyager
=040  \\$aAGL$beng$cAGL
=049  \\$aRQIB
=070  0\$a309$bUn34M
=072  \0$aX700
=072  \0$aX500
=110  1\$aUnited States.$bCongress.$bHouse.$bCommittee on Military Affairs.
=245  10$aMuscle shoals propositions :$bhearings ... January 15, 17, 22, 23, 25, 26, 28, and 29, 1924 : with appendix ... Monday April 10, 1922, to Monday, June 19, 1922 ...
=260  \\$aWashington :$bG.P.O.,$c1924.
=300  \\$aiii, 126 pages ;$c23 cm.
=336  \\$atext$btxt$2rdacontent
=337  \\$aunmediated$bn$2rdamedia
=338  \\$avolume$bnc$2rdacarrier
=530  \\$aAlso available on the Internet.
=591  \\$bNAL Reclamation
=593  \\$fAgricola CAT
=650  \3$achemistry.
=650  \3$amarket analysis.
=650  \3$aeconomics.
=655  \3$aInternet resource.
=856  41$uhttp://archive.org/details/muscleshoalsprop00unit
=911  \\$ichl00139280
=912  \\$analcatalog
=930  \\$a20210526$b00000000$c00000000
=939  \\$a20130807$b20130906$c00000000
=945  \\$aDigiMet
=945  \\$p408
=946  \\$aOther US
=959  \\$c2013-08-07$essouder$gurl
=959  \\$c2021-05-26$earojas$gupgrade
=994  \\$a92$bAGL

