=LDR  01971cam a2200541Ia 4500
=001  9915451049807426
=005  20240624185725.0
=008  970801s1948\\\\dcu\\\\\\bc\\f001\0\eng\\
=016  7\$aCAT10831453$2DNAL
=035  \\$a799480
=035  \\$a(OCoLC)37343306
=035  \\$a(DNAL)799480-naldb-Voyager
=040  \\$aAGL$beng$cAGL$dOCLCQ$dRLA$dOCLCO$dOCLCA$dOCLCQ$dOCLCF$dOCLCO$dOCLCA$dOCL$dAGL
=043  \\$an-us---
=049  \\$aAGLL
=050  \0$aS21$b.A46 no. 60 rev. 1948
=070  0\$a1$bAg84M no.60 1948
=072  \0$aA000
=072  \0$aX200
=100  1\$aClay, Eleanor W.$q(Eleanor Williams),$d1911-
=245  10$aList of available publications of the United States Department of Agriculture /$ccompiled by Eleanor W. Clay.
=250  \\$aRev.
=260  \\$aWashington, D.C. :$bU.S. Dept. of Agriculture :$bU.S. G.P.O. [distributor],$c1948.
=300  \\$aiv, 187 pages ;$c24 cm.
=336  \\$atext$btxt$2rdacontent
=337  \\$aunmediated$bn$2rdamedia
=338  \\$avolume$bnc$2rdacarrier
=490  1\$aMiscellaneous publication ;$vno. 60
=591  \\$bNAL Reclamation
=593  \\$fAgricola CAT
=610  10$aUnited States.$bDepartment of Agriculture$vCatalogs.
=610  17$aUnited States.$bDepartment of Agriculture$2fast$0(OCoLC)fst01852329
=650  \0$aAgriculture$vBibliography$vCatalogs.
=650  \3$acomputer science.
=650  \3$aagriculture.
=655  \3$aInternet resource.
=655  \7$aBibliographies.$2fast$0(OCoLC)fst01919895
=655  \7$aCatalogs.$2fast$0(OCoLC)fst01423692
=830  \0$aMiscellaneous publication (United States. Department of Agriculture) ;$vno. 60.
=856  41$uhttps://archive.org/details/listofavailablep60clay
=912  \\$analcatalog
=930  \\$a20140306$b20140404$c00000000
=939  \\$a19970901$b19970905$c00000000
=945  \\$dSAM$e97/07/23$fJR$g97/08/01$n1
=945  \\$p200
=945  \\$aDigiMet
=946  \\$aUSDA
=959  \\$c2013-04-02$essouder$gap
=959  \\$c2014-03-06$earojas$gap
=994  \\$a92$bAGL

