=LDR  01194cam a2200361Ia 4500
=001  9915451066007426
=005  20240620142919.0
=008  970801s1960\\\\dcua\\\\\\\\\f000\0\eng\d
=016  7\$aCAT10831429$2DNAL
=035  \\$a(OCoLC)ocm07452367 970802
=035  \\$90831-42960
=035  \\$a799474
=035  \\$a(DNAL)799474-naldb-Voyager
=040  \\$aCOF$cCOF$dAGL
=049  \\$aAGLL
=070  0\$a1.96$bAd6Tp no.138
=072  \0$aJ400
=100  1\$aHockensmith, Roy D.$q(Roy Douglas),$d1905-
=245  14$aThe National Cooperative Soil Survey in the United States /$cby Roy D. Hockensmith.
=260  \\$a[Washington, D.C.?] :$bU.S. Dept. of Agriculture, Soil Conservation Service,$c1960.
=300  \\$a10 p. :$bill. ;$c28 cm.
=440  \0$aSCS-TP ;$v138
=500  \\$a"August 1960."
=593  \\$fAgricola CAT
=650  \0$aSoil surveys$zUnited States.
=655  \3$aInternet resource
=710  1\$aUnited States.$bSoil Conservation Service.
=856  41$uhttps://archive.org/details/nationalcooperat138hock_0
=912  \\$analcatalog
=930  \\$a20140702$b20140807$c00000000
=939  \\$a19970901$b19970905$c00000000
=945  \\$dhw$e97/08/01$fhw$g97/08/01$n1
=945  \\$p16
=945  \\$aDigiMet
=946  \\$aUSDA

