=LDR  02126cam a2200577Ia 4500
=001  9915451203207426
=005  20240620144052.0
=008  970731s1997\\\\utua\\\\\b\\\f000\0\eng\\
=016  7\$aCAT10831404$2DNAL
=019  \\$a38970269$a1039807468$a1230166365$a1231859945
=035  \\$a799439
=035  \\$a(OCoLC)37385514$z(OCoLC)38970269$z(OCoLC)1039807468$z(OCoLC)1230166365$z(OCoLC)1231859945
=035  \\$a(DNAL)799439-naldb-Voyager
=035  \\$z(OCoLC)38970269$z(OCoLC)1039807468$z(OCoLC)1230166365$z(OCoLC)1231859945
=040  \\$aAGL$beng$cAGL$dJNA$dMTG$dOCLCO$dOCLCF$dOCLCQ$dCOD$dOCLCA$dAGM$dOCLCA$dWURST$dAGL
=041  \\$aeng
=043  \\$an-us-ut
=049  \\$aAGLL
=050  \0$aSD538.2.U8$bM344 1997
=070  0\$aA99.9$bF764Ub no.90
=072  \0$aK130
=086  0\$aA 13.80:INT-RB-90
=100  1\$aMcLain, William H.$0http://id.loc.gov/authorities/names/n85232629
=245  10$aLogging utilization-- Utah, 1993 /$cWilliam H. McLain.
=260  \\$aOgden, UT :$bU.S. Dept. of Agriculture, Forest Service, Intermountain Research Station,$c[1997]
=300  \\$a9 pages :$billustrations ;$c28 cm.
=336  \\$atext$btxt$2rdacontent
=337  \\$aunmediated$bn$2rdamedia
=338  \\$avolume$bnc$2rdacarrier
=490  1\$aResource bulletin INT ;$vRB-90
=504  \\$aIncludes bibliographical references (page 8).
=591  \\$bNAL Reclamation
=593  \\$fAgricola CAT
=650  \0$aLogging$zUtah.
=650  \0$aTimber$zUtah.
=650  \3$alogging.
=650  \3$aforest inventory.
=650  \3$aroundwood.
=651  \3$aUtah.
=651  \7$aUtah.$2fast$0(OCoLC)fst01204563
=655  \3$aInternet resource.
=710  1\$aUnited States.$bDepartment of Agriculture.
=710  2\$aIntermountain Research Station (Ogden, Utah)$0http://id.loc.gov/authorities/names/n85066590
=830  \0$aResource bulletin INT ;$v90.
=856  41$uhttps://archive.org/details/loggingutilizati90mcla
=912  \\$analcatalog
=930  \\$a20140603$b20140704$c00000000
=939  \\$a19970801$b19970807$c00000000
=945  \\$dDF$e97/07/30$fEJ$g97/07/31$n1
=945  \\$p16
=945  \\$aDigiMet
=946  \\$aUSDA
=994  \\$a92$bAGL

