=LDR  01973cam a2200505Ia 4500
=001  9915451212007426
=005  20240620144101.0
=008  970809s1996\\\\mdua\\\\\\\\\f000\0\eng\\
=016  7\$aCAT10831916$2DNAL
=035  \\$a799764
=035  \\$a(OCoLC)37433521
=035  \\$a(DNAL)799764-naldb-Voyager
=040  \\$aAGL$beng$cAGL$dOCLCQ$dOCLCO$dOCLCA$dOCLCF$dOCLCQ$dOCLCA$dAGL
=043  \\$an-us---
=049  \\$aAGLL
=070  0\$a1$bAg84M no.1537
=072  \0$aP000
=072  \0$aF820
=072  \0$aL820
=110  2\$aAnimal Damage Control Program (U.S.)$0http://id.loc.gov/authorities/names/n82229617
=245  10$aAnimal Damage Control Program highlights, 1995.
=246  17$aADC Program highlights, 1995
=260  \\$a[Riverdale, MD?] :$bU.S. Dept. of Agriculture, Animal and Plant Health Inspection Service,$c[1996]
=300  \\$a14 pages :$billustrations ;$c28 cm.
=336  \\$atext$btxt$2rdacontent
=337  \\$aunmediated$bn$2rdamedia
=338  \\$avolume$bnc$2rdacarrier
=490  1\$aMiscellaneous publication ;$vno. 1537
=591  \\$bNAL Reclamation
=593  \\$fAgricola CAT
=610  20$aAnimal Damage Control Program (U.S.)$0http://id.loc.gov/authorities/names/n82229617
=610  27$aAnimal Damage Control Program (U.S.)$2fast$0(OCoLC)fst00577375
=650  \0$aWildlife pests$xControl$xGovernment policy$zUnited States.
=650  \0$aAgricultural pests$xControl$xGovernment policy$zUnited States.
=651  \7$aUnited States.$2fast$0(OCoLC)fst01204155
=655  \3$aInternet resource.
=710  1\$aUnited States.$bAnimal and Plant Health Inspection Service.
=830  \0$aMiscellaneous publication (United States. Department of Agriculture) ;$vno. 1537.
=856  41$uhttps://archive.org/details/animaldamagecont1537anim
=912  \\$analcatalog
=930  \\$a20140305$b20140404$c00000000
=939  \\$a19970901$b19970905$c00000000
=945  \\$dRLG$e97/08/07$fSES$g97/08/09$n1
=945  \\$p20
=945  \\$aDigiMet
=946  \\$aUSDA
=994  \\$a92$bAGL

