=LDR  02588cam a2200625Ia 4500
=001  9915451580507426
=005  20240624190729.0
=008  940216s1900\\\\dcu\\\\\\\\\\f000\0\fre\d
=010  \\$aagr09003131 
=016  7\$aCAT10882940$2DNAL
=019  \\$a29736910
=035  \\$a607308
=035  \\$a(OCoLC)809921519$z(OCoLC)29736910
=035  \\$a(DNAL)607308-naldb-Voyager
=035  \\$z(OCoLC)29736910
=040  \\$aLHL$beng$cLHL$dOCLCO$dCUY$dAGL$dOCLCQ$dOCLCO$dOCLCF$dOCLCA
=043  \\$an-us---
=049  \\$aRQIB
=050  \0$aS584$b.A4 no.6
=070  0\$a59.22$bW64
=070  0\$a1$bC42C no. 6 1900
=086  0\$aA 7.4:6
=100  1\$aWiley, Harvey Washington,$d1844-1930.
=245  10$aComposition chimique du maïs et de ses produits /$cpar M.H.W. Wiley.
=260  \\$aWashington, D.C. :$bU.S. Dept. of Agriculture, Division of Chemistry,$c1900.
=300  \\$a13 pages :$btables ;$c24 cm.
=336  \\$atext$btxt$2rdacontent
=337  \\$aunmediated$bn$2rdamedia
=338  \\$avolume$bnc$2rdacarrier
=490  1\$aCircular / U.S. Dept. of agriculture. Bureau of Chemistry ;$vno. 6
=505  0\$aComposition des grains.
=505  0\$aPreteines des grains -- Variations dans la composition.
=505  0\$aFarine de mais -- Composition de la farine.
=505  0\$aProprietes nutritives comparees du ble et du mais -- Experiences d'alimentation avec le mais et le ble.
=505  0\$aAssimilation comparative du ble et du mais -- Rapport de l'azote aux constituants digestibles -- Huile de mais.
=505  0\$aComposition et proprietes des tiges de mais.
=505  0\$aDigestion successive avec les acides et les alcais.
=505  0\$aSortes et quantites de sucres formes -- Mais fourrage pour l'alimentation du betail.
=505  0\$aPreparation du mais fourrage -- Separation de la moelle.
=505  0\$aProprietes de la moelle -- Composition des epis (Rafle).
=591  \\$bNAL Reclamation
=593  \\$fAgricola CAT
=650  \0$aCorn$xAnalysis.$0http://id.loc.gov/authorities/subjects/sh85032627
=710  1\$aUnited States.$bDivision of Chemistry.$0http://id.loc.gov/authorities/names/no91011716
=710  1\$aUnited States.$bDepartment of Agriculture.
=830  \0$aCircular (United States. Bureau of Chemistry) ;$vno. 6.
=856  41$uhttps://archive.org/details/unset06wile
=911  \\$ichl00031499
=912  \\$analcatalog
=930  \\$a20140417$b20140502$c00000000
=945  \\$aDigiMet
=945  \\$p18
=945  \\$aDigiMet
=946  \\$aUSDA
=958  \\$aresource$be$c2014-04-17$do$edgoldber$hrecon
=959  \\$c2014-10-03$essouder$gurl
=994  \\$a92$bAGL

