=LDR  01761cam a22004571  4500
=001  9915451666707426
=005  20240620144009.0
=008  920621s1913\\\\ohuac\\\\\\\\\000\0\eng\\
=010  \\$a   13009128 
=016  7\$aCAT10517302$2DNAL
=035  \\$a405922
=035  \\$a(OCoLC)18436643
=035  \\$a(DNAL)405922-naldb-Voyager
=040  \\$aDLC$beng$cDLC$dAGL$dRQI$dOCLCO$dOCLCF$dOCLCQ
=042  \\$apremarc
=049  \\$aRQIA
=050  00$aSF487$b.B86 1913
=070  0\$a47$bB762
=072  \0$aL100
=072  \0$aE130
=100  1\$aBriggs, Edgar.
=245  10$aProfits in poultry keeping solved,$cby Edgar Briggs; the Briggs' system and secret of successful poultry raising, an economical, labor saving, profit assuring system of poultry raising, ed. by Henry Trafford.
=250  \\$a5th ed.
=260  \\$aSpringfield, O.,$aBinghamton, N.Y.,$bThe A.D. Hosterman Company,$c1913.
=300  \\$a94, [2] pages$billustrations (including portrait)$c22 cm
=336  \\$atext$btxt$2rdacontent
=337  \\$aunmediated$bn$2rdamedia
=338  \\$avolume$bnc$2rdacarrier
=530  \\$aAlso available in digital form on the Internet Archive Web site.
=591  \\$bNAL Reclamation
=593  \\$fAgricola CAT
=650  \0$aPoultry.$0http://id.loc.gov/authorities/subjects/sh85105892
=650  \0$aPoultry$xEconomic aspects.
=655  \3$aInternet resource.
=700  1\$aTrafford, Henry.
=776  08$iOnline version:$aBriggs, Edgar.$tProfits in poultry keeping solved.$b5th ed.$dSpringfield, O., Binghamton, N.Y., The A.D. Hosterman company, 1913$w(OCoLC)826597943
=856  41$uhttps://archive.org/details/profitsinpoultry00brig_0
=912  \\$analcatalog
=930  \\$a20140702$b20140807$c00000000
=945  \\$aDigiMet
=945  \\$p104
=946  \\$aOther US
=994  \\$a92$bAGL

