=LDR  01620cam a2200445I  4500
=001  9915451791107426
=005  20240624190748.0
=008  920620s1891\\\\nyuac\\\\\\\\\000\0\eng\c
=010  \\$aagr07001803 
=016  7\$aCAT10503627$2DNAL
=035  \\$a405810
=035  \\$a(OCoLC)02174239
=035  \\$a(DNAL)405810-naldb-Voyager
=040  \\$aLibrary, U.S. Dept. of Agriculture$beng$cGUA$dOCL$dOCLCQ$dAGL$dOCLCF$dOCLCQ$dOCLCO
=049  \\$aRQIA
=050  \0$aSF487$b.B760
=070  0\$a47$bB69A
=072  \0$aL100
=072  \0$aE700
=100  1\$aBoyer, Michael K.,$d1858-1935.
=245  10$aAll about broilers and market poultry generally.$cBy M.K. Boyer.
=260  \\$aSyracuse,$bC.C. DePuy,$c1891.
=300  \\$a40 pages$bfrontispiece (portrait) illustrations$c16 cm.
=336  \\$atext$btxt$2rdacontent
=337  \\$aunmediated$bn$2rdamedia
=338  \\$avolume$bnc$2rdacarrier
=490  0\$aDePuy's popular poultry books.$vno. 1
=591  \\$bNAL Reclamation
=593  \\$fAgricola CAT
=650  \0$aPoultry.$0http://id.loc.gov/authorities/subjects/sh85105892
=650  \0$aBroilers (Chickens)$0http://id.loc.gov/authorities/subjects/sh85017028
=655  \3$aInternet resource.
=776  08$iOnline version:$aBoyer, Michael K., 1858-1935.$tAll about broilers and market poultry generally.$dSyracuse, C.C. DePuy, 1891$w(OCoLC)870815827
=856  41$uhttps://archive.org/details/allaboutbroilers01boye
=912  \\$analcatalog
=930  \\$a20140505$b20140606$c00000000
=939  \\$a20101201$b20101204$c00000000
=945  \\$aDigiMet
=945  \\$p72
=946  \\$aNon-US
=959  \\$c2010-12-01$essouder$gap
=994  \\$a92$bAGL

