=LDR  03613cas a2200781 a 4500
=001  9915452102707426
=005  20240624190806.0
=008  990624d19682000dcuqr\p\\s\\\f0\\\a0eng\c
=010  \\$asf 85019265 $zsc 78002101 
=012  \\$a2$j0$lg
=016  7\$aCAT10268601$2DNAL
=022  0\$a0565-2189$l0565-2189$21
=035  \\$a832041
=035  \\$a(OCoLC)02572120
=035  \\$a(DNAL)832041-naldb-Voyager
=040  \\$aNSD$beng$cNSD$dDLC$dGPO$dNST$dGPO$dDLC$dGPO$dNST$dGPO$dNSD$dGPA$dGPO$dNSD$dDLC$dGPO$dDLC$dGPO$dAGL$dGPO$dAGL$dOCLCQ$dHUL$dOCL$dIUL$dOCLCQ$dOCLCF$dDLC$dOCLCQ$dINT$dOCLCQ
=042  \\$ansdp$apcc
=043  \\$an-us---
=049  \\$aAGLL
=050  00$aWMLC L 83/1169
=050  10$aSF395.8.A1$bH64
=070  0\$a1.9$bEc742Pi
=072  \0$aL100
=074  \\$a0024-H (online)
=086  0\$aA 105.23/5:
=086  0\$aA 92.18/7:
=130  0\$aHogs and pigs (Washington, D.C.)
=210  0\$aHogs pigs
=222  \0$aHogs and pigs
=245  10$aHogs and pigs.
=260  \\$aWashington, D.C. :$bU.S. Dept. of Agriculture, Statisical Reporting Service, Crop Reporting Board,$c[1968-2000]
=300  \\$a33 volumes ;$c27 cm
=310  \\$aQuarterly
=336  \\$atext$btxt$2rdacontent
=337  \\$aunmediated$bn$2rdamedia
=338  \\$avolume$bnc$2rdacarrier
=362  0\$aJune 21, 1968-Dec. 28, 2000.
=530  \\$aSome issues available via Internet. Address as of 7/14/98: http://usda.mannlib.cornell.edu/reports/nassr/livestock/php-bb/; current access is available via PURL.
=530  \\$aSome issues available via Internet.
=550  \\$aIssues for 1968-Jan. 1978 and June 1981-198 issued by: Crop Reporting Board, Statistical Reporting Service; 197 -Sept. 1980 by: Crop Reporting Board, Economics, Statistics, and Cooperatives Service; Dec. 1980-Mar. 1981 by: Crop Reporting Board, Economics and Statistics Service; <Dec. 1986>-Dec. 28, 2000 by: National Agricultural Statistics Service, Agricultural Statistics Board.
=591  \\$bNAL Reclamation
=593  \\$fAgricola CAT
=650  \0$aSwine$zUnited States$vStatistics$vPeriodicals.
=651  \7$aUnited States.$2fast$0(OCoLC)fst01204155
=655  \3$aInternet resource.
=655  \7$aPeriodicals.$2fast$0(OCoLC)fst01411641
=655  \7$aStatistics.$2fast$0(OCoLC)fst01423727
=655  \7$aPeriodicals.$2lcgft
=710  1\$aUnited States.$bCrop Reporting Board.$0http://id.loc.gov/authorities/names/n80039710
=710  1\$aUnited States.$bAgricultural Statistics Board.$0http://id.loc.gov/authorities/names/n85343208
=776  1\$cMicrofiche$dSupt. of Docs., U.S.G.P.O.$w(DLC)sn 92023940$w(OCoLC)11356341
=776  08$iOnline version:$tHogs and pigs (Washington, D.C. : Online)$x2379-0512$w(DLC)sn 99015238$w(OCoLC)41578831
=780  00$tPig crop report$x2379-0563$w(DLC)  2010229145$w(OCoLC)1780428
=780  01$tLivestock and poultry inventory, January 1$x2378-945X$w(DLC)  2008238846$w(OCoLC)49547702
=785  00$tMonthly hogs and pigs$x0565-2189$w(DLC)  2001220124$w(OCoLC)46988733
=787  1\$aUnited States. Crop Reporting Board.$tLivestock and poultry inventory$x0499-0528$w(DLC)   56060751$w(OCoLC)1606471
=850  \\$aCU$aDLC$aDNAL$aIaAS
=852  \\$aDNAL$i1.9 EC742PI
=856  41$uhttp://purl.access.gpo.gov/GPO/LPS1148
=856  41$uhttps://archive.org/details/usda-pigcropreport
=912  \\$analcatalog
=930  \\$a20140902$b20141003$c00000000
=939  \\$a20100415$b20100501$c00000000
=939  \\$a19990702$b19990709$c00000000
=945  \\$dAL$e99/06/21$fCM$g99/06/24
=945  \\$vpt. 1
=945  \\$p12
=945  \\$aDigiMet
=945  \\$vpt. 2
=945  \\$p28
=945  \\$aDigiMet
=945  \\$vpt. 3
=945  \\$p12
=945  \\$aDigiMet
=946  \\$aUSDA
=959  \\$c2010-04-15$edcollins$gother
=994  \\$a92$bAGL

