=LDR  01156cam a2200361 E 4500
=001  9915452966007426
=005  20240620150352.0
=008  910402s1969\\\\oru\\\\\\\\\\\00000\eng\u
=016  7\$aCAT10674845$2DNAL
=035  \\$90674-84560
=035  \\$a497432
=035  \\$a(DNAL)497432-naldb-Voyager
=040  \\$aAGL
=049  \\$aRQIA
=070  0\$aA99.9$bF7625U no.102
=072  \0$aF821
=100  10$aMason, Richard R.
=245  00$aSequential sampling of Douglas-fir tussock moth populations.
=260  1\$a[Portland, Or.]$c1969.
=300  \\$a11 p.$billus.
=490  0\$a(U.S. Pacific Northwest Forest and Range Experiment Station. U.S.D.A. Forest Service research note PNW-102)
=500  \\$aIssued Apr. 1969.
=500  \\$a(09)
=593  \\$fAgricola CAT
=650  \3$aplant pests$9auto-assigned by category code
=650  \3$aplant health$9auto-assigned by category code
=650  \3$aarthropod pests$9auto-assigned by category code
=655  \3$aInternet resource
=850  \\$aM.E.
=856  41$uhttps://archive.org/details/sequentialsampli102maso
=912  \\$analcatalog
=930  \\$a20140505$b20140606$c00000000
=945  \\$aDigiMet
=945  \\$p16
=946  \\$aOther US

