=LDR  01004cam a2200361Mi 4500
=001  9915453102207426
=005  20240620150424.0
=008  910402s1918\\\\dcu\\\\\\\\\\\000\0\eng\d
=016  7\$aCAT10674601$2DNAL
=035  \\$a497221
=035  \\$a(OCoLC)71021708
=035  \\$a(DNAL)497221-naldb-Voyager
=040  \\$aAGL$beng$cAGL$dOCLCQ$dAGL
=049  \\$aRQIA
=070  0\$a1$bC45F
=072  \0$aQ500
=100  1\$aSkinner, W. W.
=245  10$aFormulas for sugar-saving syrups.
=260  \\$aWashington,$c1918.
=300  \\$a2 unnumbered pages ;$c29 cm
=336  \\$atext$btxt$2rdacontent
=337  \\$aunmediated$bn$2rdamedia
=338  \\$avolume$bnc$2rdacarrier
=591  \\$bNAL Reclamation
=593  \\$fAgricola CAT
=650  \3$afood quality.
=650  \3$afood composition.
=655  \3$aInternet resource.
=856  41$uhttps://archive.org/details/formulasforsugar1918skin
=912  \\$analcatalog
=930  \\$a20140812$b20140905$c00000000
=945  \\$aDigiMet
=945  \\$p6
=946  \\$aOther US
=994  \\$a92$bAGL

