=LDR  02499cam a2200625Ia 4500
=001  9915453745607426
=005  20240624192012.0
=007  he\bmb024bbca
=008  960820s1995\\\\mnuab\\\bbs\\f000\0\eng\d
=016  7\$aCAT10753942$2DNAL
=019  \\$a1225756567
=035  \\$a772214
=035  \\$a(OCoLC)34087811$z(OCoLC)1225756567
=035  \\$a(DNAL)772214-naldb-Voyager
=035  \\$z(OCoLC)1225756567
=040  \\$aGPO$beng$cGPO$dOCL$dOCLCQ$dAGL$dOCLCQ$dOCLCF$dOCLCO$dOCLCQ$dTKN
=043  \\$an-us-mi
=049  \\$aAGLL
=050  \0$aSD11.E26$bR5 no.163
=070  0\$aFiche$bS-133 (A 13.80:NC-163 )
=070  0\$aaSD11$b.A35 no. 163
=072  \0$aK000
=074  \\$a0083-B-05 (MF)
=086  0\$aA 13.80:NC-163
=100  1\$aSchmidt, Thomas.
=245  14$aThe forest resources of the Hiawatha National Forest, 1993 /$cThomas Schmidt and Mike Lanasa.
=260  \\$aSt. Paul, Minn. (1992 Folwell Ave., St. Paul 55108) :$bU.S. Dept. of Agriculture, Forest Service, North Central Forest Experiment Station,$c1995.
=300  \\$a35 pages :$billustrations, map.
=336  \\$atext$btxt$2rdacontent
=337  \\$amicroform$bh$2rdamedia
=338  \\$amicrofiche$bhe$2rdacarrier
=490  1\$aResource bulletin NC ;$v163
=504  \\$aIncludes bibliographical references (pages 19-20).
=530  \\$aAlso available on the Internet.
=533  \\$aMicrofiche.$b[Washington, D.C.?] :$cSupt. of Docs., U.S. G.P.O.,$d[1995].$e1 microfiche : negative.
=591  \\$bNAL Reclamation
=593  \\$fAgricola CAT
=650  \0$aForests and forestry$zMichigan$zHiawatha National Forest$vStatistics.
=650  \0$aForest surveys$zMichigan$zHiawatha National Forest.
=650  \0$aTimber$zMichigan$zHiawatha National Forest$vStatistics.
=651  \7$aMichigan$zHiawatha National Forest.$2fast$0(OCoLC)fst01241914
=655  \7$aStatistics.$2fast$0(OCoLC)fst01423727
=700  1\$aLanasa, Mike.
=710  2\$aNorth Central Forest Experiment Station (Saint Paul, Minn.)$0http://id.loc.gov/authorities/names/n80044737
=830  \0$aResource bulletin NC ;$v163.
=856  41$uhttp://www.nrs.fs.fed.us/pubs/viewpub.asp?key=429
=856  41$uhttps://archive.org/details/forestresourceso163schm
=912  \\$analcatalog
=930  \\$a20140702$b20140807$c00000000
=939  \\$a20130604$b20130705$c00000000
=939  \\$a20040802$b20040901$c00000000
=939  \\$a19970203$b19970210$c00000000
=945  \\$aDigiMet
=945  \\$p48
=946  \\$aOther US
=959  \\$c2013-06-04$essouder$gurlc
=994  \\$a92$bAGL

