=LDR  01601cam a2200409   4500
=001  9915454142307426
=005  20240620152653.0
=008  920620s1903\\\\inua\\\\\\\\\\000\0\eng\d
=016  7\$aCAT10509535$2DNAL
=035  \\$a413087
=035  \\$a(OCoLC)15586093
=035  \\$a(DNAL)413087-naldb-Voyager
=040  \\$aTRN$beng$cTRN$dAGL$dKRTAS$dOCLCQ$dOCLCF$dOCLCQ$dOCLCO$dOCLCQ
=049  \\$aRQIA
=050  \0$aSF487$b.J664
=070  0\$a47$bJ73 Fo
=072  \0$aL100
=100  1\$aJones, Robert Edward,$d1870-
=245  10$aFrom shell to show room;$ba compendium of useful information, covering every phase of poultry growing from the egg to maturity.$cBy R.E. Jones [and] Theo. Hewes ...
=260  \\$aIndianapolis, Ind.,$bInland Poultry Journal Co.,$c1903.
=300  \\$a2 preliminary leaves, [7]-40 pages$billustrations$c31 cm
=336  \\$atext$btxt$2rdacontent
=337  \\$aunmediated$bn$2rdamedia
=338  \\$avolume$bnc$2rdacarrier
=591  \\$bNAL Reclamation
=593  \\$fAgricola CAT
=650  \0$aPoultry.$0http://id.loc.gov/authorities/subjects/sh85105892
=655  \3$aInternet resource.
=700  1\$aHewes, Theodore,$d1859-$eauthor.
=776  08$iOnline version:$aJones, Robert Edward, 1870-$tFrom shell to show room.$dIndianapolis, Ind., Inland Poultry Journal Co., 1903$w(OCoLC)954179170
=856  41$uhttps://archive.org/details/fromshelltoshowr00jone
=912  \\$analcatalog
=930  \\$a20160525$b20160603$c00000000
=938  \\$aKirtas Technologies, Inc.$bKRTS$n780247
=939  \\$a20140702$b20140807$c00000000
=945  \\$aDigiMet
=945  \\$p44
=946  \\$aOther US
=994  \\$a92$bAGL

