=LDR  01310cam a2200385I  4500
=001  9915454145207426
=005  20240620152649.0
=008  920621s1906\\\\inua\\\\\\\\\\000\0\eng\d
=016  7\$aCAT10518146$2DNAL
=035  \\$a413185
=035  \\$a(OCoLC)18663830
=035  \\$a(DNAL)413185-naldb-Voyager
=040  \\$aRQI$beng$cRQI$dOCLCQ$dAGL$dOCLCO$dOCLCQ$dOCLCF$dOCLCQ
=049  \\$aRQIA
=070  0\$a47$bIn5
=072  \0$aL100
=072  \0$aE130
=110  2\$aInland Poultry Journal Co.
=245  10$aHow to make poultry pay.
=260  \\$aIndianapolis, Ind :$bInland Poultry Journal Co.,$c1906.
=300  \\$a100 pages,$billustrations,$c30 cm
=336  \\$atext$btxt$2rdacontent
=337  \\$aunmediated$bn$2rdamedia
=338  \\$avolume$bnc$2rdacarrier
=591  \\$bNAL Reclamation
=593  \\$fAgricola CAT
=650  \0$aPoultry.$0http://id.loc.gov/authorities/subjects/sh85105892
=650  \0$aPoultry$xEconomic aspects.
=655  \3$aInternet resource.
=776  08$iOnline version:$aInland Poultry Journal Co.$tHow to make poultry pay.$dIndianapolis, Ind : Inland Poultry Journal Co., 1906$w(OCoLC)809565484
=856  41$uhttps://archive.org/details/howtomakepoultry00inla
=912  \\$analcatalog
=930  \\$a20140702$b20140807$c00000000
=945  \\$aDigiMet
=945  \\$p138
=946  \\$aOther US
=994  \\$a92$bAGL

