=LDR  01393cam a2200397I  4500
=001  9915454274207426
=005  20240621220418.0
=008  920620s1913\\\\paua\\\\\b\\\\000\0\eng\d
=016  7\$aCAT10505806$2DNAL
=035  \\$a413879
=035  \\$a(OCoLC)05253856
=035  \\$a(DNAL)413879-naldb-Voyager
=040  \\$aCLE$beng$cCLE$dAGL$dOCLCQ
=049  \\$aRQIA
=070  0\$a47$bL582P
=072  \0$aL100
=100  1\$aLewis, Harry R.$q(Harry Reynolds),$d1885-
=245  10$aProductive poultry husbandry,$ba complete text, dealing with the principles and practices involved in the management of poultry,$cby Harry R. Lewis. 329 illustrations in the text.
=250  \\$aEd. 2.
=260  \\$aPhiladelphia,$aLondon,$bJ.B. Lippincott Co.$c[©1913]
=300  \\$axix, 536 pages$bcolor frontispiece, illustrations$c22 cm.
=336  \\$atext$btxt$2rdacontent
=337  \\$aunmediated$bn$2rdamedia
=338  \\$avolume$bnc$2rdacarrier
=490  1\$aLippincott's farm manuals
=504  \\$a"Miscellaneous bibliography": page 515.
=504  \\$a"References" at end of chapters.
=591  \\$bNAL Reclamation
=593  \\$fAgricola CAT
=655  \3$aInternet resource.
=830  \0$aLippincott's farm manuals.
=856  41$uhttps://archive.org/details/productivepoultr00lewi_0
=912  \\$analcatalog
=930  \\$a20160526$b00000000$c00000000
=945  \\$aDigiMet
=945  \\$p572
=946  \\$aOther US
=994  \\$a92$bAGL

