=LDR  02441cam a22005411i 4500
=001  9915454278707426
=005  20240624192052.0
=008  920620s1931\\\\dcu\\\\\\\\\\f001\0\eng\c
=010  \\$aagr31000704 
=016  7\$aCAT10504129$2DNAL
=019  \\$a2849363$a741126898
=035  \\$a413165
=035  \\$a(OCoLC)643575799$z(OCoLC)2849363$z(OCoLC)741126898
=035  \\$a(DNAL)413165-naldb-Voyager
=035  \\$z(OCoLC)2849363$z(OCoLC)741126898
=040  \\$aU. S. Dept. of agr. Library$beng$cDLC$dDLC$dNGU$dNLGGC$dAGL$dMTG$dWIH$dAFU$dOCLCF$dIWU$dOCL$dPAU$dOCLCO$dOCLCQ$dVA@$dOCLCA
=042  \\$apremarc
=043  \\$an-us---
=049  \\$aRQIA
=050  00$aTX715$b.U68 1931
=070  0\$a1$bIn32A 1931
=086  0\$aA 42.2:R 24/3
=086  0\$aA 44.21:R 24/3
=100  1\$aVan Deman, Ruth,$d1888-1948.$0http://id.loc.gov/authorities/names/n91060349
=245  10$aAunt Sammy's radio recipes revised /$cRuth Van Deman, formerly associate specialist in charge of information, and Fanny Walker Yeatman, junior specialist in foods, Bureau of Home Economics.
=260  \\$aWashington :$bUnited States Government Printing Office,$c1931.
=300  \\$av, 142 pages ;$c24 cm
=336  \\$atext$btxt$2rdacontent
=337  \\$aunmediated$bn$2rdamedia
=338  \\$avolume$bnc$2rdacarrier
=591  \\$bNAL Reclamation
=593  \\$fAgricola CAT
=650  \0$aCooking, American.$0http://id.loc.gov/authorities/subjects/sh85031773
=650  \0$aBlind$xBooks and reading.$0http://id.loc.gov/authorities/subjects/sh85014856
=655  \3$aInternet resource.
=655  \7$aCookbooks.$2fast$0(OCoLC)fst01752725
=655  \7$aCookbooks.$2lcgft$0http://id.loc.gov/authorities/genreForms/gf2011026169
=700  1\$aYeatman, Fanny Walker,$d1876-1962.
=710  1\$aUnited States.$bBureau of Home Economics.$0http://id.loc.gov/authorities/names/no92005258
=710  1\$aUnited States.$bDepartment of Agriculture.$bRadio Service.$0http://id.loc.gov/authorities/names/no2001063588
=776  08$iOnline version:$aVan Deman, Ruth, 1888-1948.$tAunt Sammy's radio recipes revised.$b4th ed.$dWashington : United States Government Printing Office, 1931$w(OCoLC)692068037
=856  41$uhttps://archive.org/details/auntsammysradior1931unit
=912  \\$analcatalog
=930  \\$a20140812$b20140905$c00000000
=939  \\$a20100701$b20100703$c00000000
=945  \\$aDigiMet
=945  \\$p156
=946  \\$aOther US
=959  \\$c2013-04-02$essouder$gap
=994  \\$a92$bAGL

