=LDR  02382cam a22004931a 4500
=001  9915454297607426
=005  20240624192048.0
=008  920620s1911\\\\ilua\\\\\\\\\\000\0\eng\\
=010  \\$a   11018465 
=016  7\$aCAT10505631$2DNAL
=035  \\$a413179
=035  \\$a(OCoLC)05006517
=035  \\$a(DNAL)413179-naldb-Voyager
=040  \\$aDLC$beng$cCLE$dDLC$dOCLCQ$dAGL$dOCLCQ$dKRTAS$dAGL$dOCLCQ
=049  \\$aAGLL
=050  00$aSF489.R6$bH3
=070  0\$aSF489.R6$bS73 1911
=100  1\$aHale, Dwight Edward,$d1877-1937.
=245  10$aStandard-bred Rhode Island reds, rose and single comb :$btheir practical qualities, the standard requirements, how to judge them, how to mate and breed for best results /$cD.E. Hale, editor ; contributed to by the best known and most expert breeders and judges in America ; fully illustrated ; text and illustrations are based on the requirements of the 1910 edition of the American standard of perfection.
=246  30$aRhode Island reds
=260  \\$aQuincy, Ill. :$bPublished jointly by Reliable poultry journal Pub. Co.and ;$aBuffalo, N.Y. :$bAmerican poultry Pub. Co.,$c[©1911]
=300  \\$a85, [1] pages :$billustrations ;$c30 cm
=336  \\$atext$btxt$2rdacontent
=337  \\$aunmediated$bn$2rdamedia
=338  \\$avolume$bnc$2rdacarrier
=590  \\$aRare and Special Collections' copy is part of the James M. Gwin Poultry Book Collection.
=591  \\$bNAL Reclamation
=593  \\$fAgricola CAT
=610  20$aReliable Poultry Journal Publishing Company.
=610  20$aAmerican poultry publishing company.
=650  \0$aRhode Island red chicken$xStandards.
=650  \0$aRhode Island red chicken$xExhibitions$xStandards.
=650  \0$aRhode Island red chicken$xJudging.
=655  \3$aInternet resource.
=776  08$iOnline version:$aHale, Dwight Edward, 1877-1937.$tStandard-bred Rhode Island reds, rose and single comb.$dQuincy, Ill., Reliable poultry journal Pub. Co.; Buffalo, N.Y., American poultry Pub. Co., [©1911]$w(OCoLC)620541012
=856  41$uhttps://archive.org/details/standardbredrhod00hale
=912  \\$analcatalog
=930  \\$a20160601$b20160603$c00000000
=938  \\$aKirtas Technologies, Inc.$bKRTS$n808132
=939  \\$a20140702$b20140807$c00000000
=939  \\$a20110726$b20110805$c00000000
=945  \\$aDigiMet
=945  \\$p98
=946  \\$aOther US
=958  \\$be$c2011-07-26$dn$emlydon
=994  \\$a92$bAGL

