=LDR  01531cam a2200409I  4500
=001  9915454304207426
=005  20240620152721.0
=008  920621s1921\\\\moua\\\\\\\\\\000\0\eng\\
=010  \\$a   21010345 
=016  7\$aCAT10518301$2DNAL
=035  \\$a413785
=035  \\$a(OCoLC)18692206
=035  \\$a(DNAL)413785-naldb-Voyager
=040  \\$aDLC$beng$cRQI$dOCLCQ$dAGL$dKRTAS$dSHH$dOCLCF$dOCLCQ$dOCLCO
=049  \\$aRQIA
=050  00$aSF495$b.Q5
=070  0\$a47$bQ4
=072  \0$aL100
=100  1\$aQuisenberry, T. E.$q(Thomas E.),$d1875-$0http://id.loc.gov/authorities/names/no2008134074
=245  10$aHow to tell the sex of an egg before incubation, and how to tell the sex of a chick when hatched /$cedited by T.E. Quisenberry.
=260  \\$a[Kansas City, Mo.]$bAmerican poultry School,$c1921.
=300  \\$a44 pages$billustrations$c22 cm
=336  \\$atext$btxt$2rdacontent
=337  \\$aunmediated$bn$2rdamedia
=338  \\$avolume$bnc$2rdacarrier
=591  \\$bNAL Reclamation
=593  \\$fAgricola CAT
=650  \0$aChicks$xSexing.$0http://id.loc.gov/authorities/subjects/sh85023312
=650  \0$aEggs$xIncubation.$0http://id.loc.gov/authorities/subjects/sh85041233
=650  \0$aPoultry.$0http://id.loc.gov/authorities/subjects/sh85105892
=655  \3$aInternet resource.
=856  41$uhttps://archive.org/details/howtotellsexofeg00quis
=912  \\$analcatalog
=930  \\$a20140702$b20140807$c00000000
=938  \\$aKirtas Technologies, Inc.$bKRTS$n818528
=945  \\$aDigiMet
=945  \\$p56
=946  \\$aOther US
=994  \\$a92$bAGL

