=LDR  03317cam a2200601I  4500
=001  9915454305407426
=005  20240624192055.0
=008  920620s1893\\\\dcuabf\\\\\\\f000\0\eng\d
=016  7\$aCAT10509421$2DNAL
=035  \\$a413085
=035  \\$a(OCoLC)15295278
=035  \\$a(DNAL)413085-naldb-Voyager
=040  \\$aDRB$beng$cDRB$dOCL$dOCLCQ$dAGL$dOCLCG$dKRTAS$dOCLCQ$dZAP$dOCLCO$dOCLCF$dOCLCQ$dOCLCO
=043  \\$an-us---
=049  \\$aRQIA
=050  10$aTC823.6$b.A18
=070  0\$a1$bIr7af
=072  \0$aP210
=110  1\$aUnited States.$bOffice of Irrigation Inquiry.$0http://id.loc.gov/authorities/names/nr2002030578
=245  10$a[Report on irrigation].
=246  3\$aArtesian and underflow investigation
=260  \\$aWashington,$bGovt. Print. Off.,$c1893.
=300  \\$a4 parts bound in 1 volume$bplates (some folded) maps (some folded)$c24 cm.
=336  \\$atext$btxt$2rdacontent
=337  \\$aunmediated$bn$2rdamedia
=338  \\$avolume$bnc$2rdacarrier
=490  0\$a[U.S.] 52d Cong., 1st sess. Senate.$vEx. doc. 41, pt. 1-4
=505  0\$apt. I.A report on irrigation and the cultivation of the soil thereby, with physical data, conditions, and progress within the United States for 1891, accompanied by maps, illustrations, and papers. By Richard J. Hinton.--pt. II. Artesian and underflow investigation. Final report. By Edwin S. Nettleton.--pt. III. Final geological reports of the artesian and underflow investigation between the ninety-seventh meridian of longitude and the foothills of the Rocky Mountains. By Robert Hay.--pt. IV. Final report on the mid-plains division of the artesian and underflow investigation between the ninety-seventh meridian of longitude west of Greenwich and the foothills of the Rocky Mountains, by J.W. Gregory ... and A special report on certain artesian conditions in the state of South Dakota, by Fred F.B. Coffin.
=591  \\$bNAL Reclamation
=593  \\$fAgricola CAT
=650  \0$aIrrigation$zUnited States.
=650  \0$aArtesian wells$zUnited States.
=650  \0$aGroundwater$zUnited States.
=651  \7$aUnited States.$2fast$0(OCoLC)fst01204155
=655  \3$aInternet resource.
=700  1\$aHinton, Richard J.$q(Richard Josiah),$d1830-1901.$0http://id.loc.gov/authorities/names/n88678753
=700  1\$aNettleton, Edwin S.
=700  1\$aHay, Robert,$d1835-1895.$0http://id.loc.gov/authorities/names/no2010001866
=700  1\$aGregory, J. W.$q(John Walter),$d1864-1932.$0http://id.loc.gov/authorities/names/n50062175
=700  1\$aCoffin, Frederick Frentress Bedggood,$d1833-
=776  08$iOnline version:$aUnited States. Office of Irrigation Inquiry.$t[Report on irrigation].$dWashington, Govt. Print. Off., 1893$w(OCoLC)659335700
=856  41$3pt. 1$uhttps://archive.org/details/reportonirrigati01unit
=856  41$3pt. 2$uhttps://archive.org/details/artesianunderflo02unit
=856  41$3pt. 3$uhttps://archive.org/details/finalgeologicalr03unit
=856  41$3pt. 4$uhttps://archive.org/details/finalreportonmid04unit
=912  \\$analcatalog
=930  \\$a20160304$b20160401$c00000000
=938  \\$aKirtas Technologies, Inc.$bKRTS$n676781
=939  \\$a20140902$b20141003$c00000000
=945  \\$aDigiMet
=945  \\$p88
=945  \\$aDigiMet
=945  \\$p248
=945  \\$aDigiMet
=945  \\$p330
=945  \\$aDigiMet
=945  \\$p586
=946  \\$aOther US
=959  \\$c2016-03-03$edfriedma$gurlc
=959  \\$c2016-03-04$ergallett$gde
=994  \\$a92$bAGL

