=LDR  01866cam a2200505I  4500
=001  9915462490407426
=005  20240624164757.0
=008  800401\\\\\\\\\dcu\\\\\\\\\\\000\\\eng\d
=016  7\$aCAT10233665$2DNAL
=035  \\$90233-66560
=035  \\$a206446
=035  \\$a(OCoLC)35119747
=035  \\$a(DNAL)206446-naldb-Voyager
=040  \\$aAGL$dAGL
=049  \\$aAGLL
=070  0\$aA56.9$bR31 no. 112
=072  \0$a7000
=100  1\$aDoss, B. D.,$eauthor.
=245  10$aMoisture use by various plant species and its relation to pan evaporation and net radiation /$cby B.D. Doss, O.L. Bennett, and D.A. Ashley.
=260  \\$a[Washington, D.C.] :$bAgricultural Research Service, U.S. Department of Agriculture,$c1965.
=300  \\$a16 pages :$billustrations.
=336  \\$atext$btxt$2rdacontent
=337  \\$aunmediated$bn$2rdamedia
=338  \\$avolume$bnc$2rdacarrier
=490  1\$aARS ;$v41-112
=500  \\$aIssued August 1965.
=504  \\$aIncludes bibliographical references (pages 15-16).
=530  \\$aAlso available on the Internet.
=593  \\$fAgricola CAT
=650  \0$aPlants$xWater requirements.
=650  \0$aSoil moisture.
=650  \7$aPlants$xWater requirements.$2fast$0(OCoLC)fst01066115
=650  \7$aSoil moisture.$2fast$0(OCoLC)fst01124492
=655  \3$aInternet resource
=700  1\$aBennett, O. L.$q(Orus L.),$d1924-$eauthor.
=700  1\$aAshley, D. A.,$eauthor.
=710  1\$aUnited States.$bAgricultural Research Service,$eissuing body.
=776  08$iOnline version :$w(OCoLC)1049670594
=830  \0$aARS (Series) (United States. Agricultural Research Service) ;$v41-112.
=856  41$uhttps://archive.org/details/moistureusebyvar11doss
=912  \\$analcatalog
=930  \\$a20201022$b00000000$c00000000
=945  \\$aDigiMet
=945  \\$p24
=946  \\$aUSDA
=959  \\$c2013-10-22$essouder$gurl
=959  \\$c2020-10-22$ecbarone$gother

