=LDR  01918cam a2200445Ii 4500
=001  9915462497907426
=005  20240620161911.0
=008  800401s1968\\\\utua\\\\\\\\\f000\0\eng\d
=016  7\$aCAT10246044$2DNAL
=035  \\$a206377
=035  \\$a(OCoLC)921151217
=035  \\$a(DNAL)206377-naldb-Voyager
=040  \\$aSEA$beng$erda$cSEA$dSEA$dAGM$dAGL
=049  \\$aAGLL
=070  \\$aA99.9$bF764Un no. 76
=072  \0$a4500
=086  0\$aA 13.79:INT-76
=100  1\$aRichardson, Bland Z.,$eauthor.$0http://id.loc.gov/authorities/names/n81031346
=245  10$aCable and clamp modifications for model 104 moisture probes /$cBland Z. Richardson.
=264  \1$aOgden, Utah :$bIntermountain Forest & Range Experiment Station, Forest Service, United States Department of Agriculture,$c1968.
=300  \\$a4 pages :$billustrations ;$c26 cm.
=336  \\$atext$btxt$2rdacontent
=337  \\$aunmediated$bn$2rdamedia
=338  \\$avolume$bnc$2rdacarrier
=490  1\$aU.S. Forest Service research note ;$vINT-76
=591  \\$bNAL Reclamation
=593  \\$fAgricola CAT
=650  \0$aMoisture$xMeasurement$xInstruments.
=650  \3$asoil water.
=650  \3$ahydrology.
=655  \3$aInternet resource.
=710  1\$aUnited States.$bForest Service.$0http://id.loc.gov/authorities/names/n79054932
=710  2\$aIntermountain Forest and Range Experiment Station (Ogden, Utah)$0http://id.loc.gov/authorities/names/n79062786
=776  08$iElectronic version:$aRichardson, Bland Z.$tCable and clamp modifications for model 104 moisture probes.$dOgden, Utah : Intermountain Forest and Range Experiment Station, Forest Service, U.S. Dept. of Agriculture, 1968$w(OCoLC)681907824
=830  \0$aU.S. Forest Service research note INT ;$v76.
=856  41$uhttps://archive.org/details/cableclampmodifi76rich
=912  \\$analcatalog
=930  \\$a20140604$b00000000$c00000000
=945  \\$aDigiMet
=945  \\$p8
=946  \\$aUSDA
=994  \\$a92$bAGL

