=LDR  02078cam a2200505 i 4500
=001  9915462505607426
=005  20240624164809.0
=008  800401s1967\\\\laua\\\\\b\\\f100\0\eng\d
=016  7\$aCAT10245871$2DNAL
=035  \\$a206009
=035  \\$a(OCoLC)1225931945
=035  \\$a(DNAL)206009-naldb-Voyager
=040  \\$aKUK$beng$erda$cKUK$dOCLCO$dOCLCF$dAGL
=049  \\$aAGLL
=070  0\$aA381$bR31 no. 53
=072  \0$a1500
=086  0\$aA 77.15:72-53
=111  2\$aNational Rice Utilization Conference$d(1966 :$cNew Orleans, La.)
=245  10$aProceedings of the National Rice Utilization Conference :$bheld at New Orleans, Louisiana, April 5 and 6, 1966 /$cAgricultural Research Service, United States Department of Agriculture.
=260  \\$aNew Orleans, La. :$bUnited States Department of Agriculture, Agricultural Research Service, Southern Utilization Research & Development Division,$c[1967]
=300  \\$aiv, 80 pages :$billustrations ;$c26 cm
=336  \\$atext$btxt$2rdacontent
=337  \\$aunmediated$bn$2rdamedia
=338  \\$avolume$bnc$2rdacarrier
=490  1\$aUnited States Agricultural Research Service. ARS 72-53
=504  \\$aIncludes bibliographical references.
=591  \\$bNAL Reclamation
=593  \\$fAgricola CAT
=650  \0$aRice$vCongresses.
=650  \0$aRice$xUtilization$vCongresses.
=650  \0$aRice$xResearch$vCongresses.
=655  \3$aInternet resource.
=655  \7$aConference papers and proceedings.$2fast$0(OCoLC)fst01423772
=710  1\$aUnited States.$bAgricultural Research Service.$bSouthern Utilization Research and Development Division.$0http://id.loc.gov/authorities/names/n84046610
=830  \0$aARS 72 ;$v53.
=856  41$uhttps://archive.org/details/proceedingsofnat7253nati
=912  \\$analcatalog
=930  \\$a20140115$b20140207$c00000000
=939  \\$a20130315$b20130404$c00000000
=945  \\$aDigiMet
=945  \\$p92
=946  \\$aUSDA
=959  \\$c2014-01-15$essouder$gurl
=959  \\$c2013-03-15$ejgilbert$gsubjadd
=959  \\$c2013-03-15$ejgilbert$gde
=959  \\$c2013-03-15$ejgilbert$gaccadd
=994  \\$a92$bAGL

