=LDR  01950cam a2200493 a 4500
=001  9915462505907426
=005  20240624164801.0
=008  800401s1966\\\\oru\\\\\\b\\\f000\0\eng\d
=016  7\$aCAT10233533$2DNAL
=019  \\$a1039842293$a1231758193
=035  \\$a206169
=035  \\$a(OCoLC)58992561$z(OCoLC)1039842293$z(OCoLC)1231758193
=035  \\$a(DNAL)206169-naldb-Voyager
=035  \\$z(OCoLC)1039842293$z(OCoLC)1231758193
=040  \\$aORE$beng$cORE$dOCL$dMTG$dOCLCF$dOCLCO$dOCLCQ$dAGM$dWURST$dOCLCQ$dAGL
=049  \\$aAGLL
=050  \0$aSD143$b.U51 no.44
=070  \\$aA99.9$bF7625U no. 44
=072  \0$a4500
=086  0\$aA 13.79:PNW-44
=100  1\$aChappelle, Daniel E.$0http://id.loc.gov/authorities/names/n86017639
=245  12$aA computer program for calculating allowable cut using the area-volume check method /$cby Daniel E. Chappelle.
=260  \\$aPortland, Or. :$bPacific Northwest Forest and Range Experiment Station, U.S. Dept. of Agriculture,$c[1966]
=300  \\$a4 pages ;$c28 cm
=336  \\$atext$btxt$2rdacontent
=337  \\$aunmediated$bn$2rdamedia
=338  \\$avolume$bnc$2rdacarrier
=490  1\$aU.S. Forest Service research note PNW ;$v44
=504  \\$aIncludes bibliographical references.
=591  \\$bNAL Reclamation
=593  \\$fAgricola CAT
=650  \0$aLogging$xComputer programs.
=650  \0$aForests and forestry$xComputer programs.$0http://id.loc.gov/authorities/subjects/sh85050710
=650  \3$aComputer software.
=650  \3$aLogging.
=655  \3$aInternet resource.
=710  2\$aPacific Northwest Forest and Range Experiment Station (Portland, Or.)$0http://id.loc.gov/authorities/names/n80126131
=830  \0$aU.S. Forest Service research note PNW ;$v44.
=856  41$uhttps://archive.org/details/computerprogramf44chap
=912  \\$analcatalog
=930  \\$a20140506$b00000000$c00000000
=945  \\$aDigiMet
=945  \\$p8
=946  \\$aUSDA
=959  \\$c2014-05-06$earojas$gap
=994  \\$a92$bAGL

