=LDR  00973cam a2200337M  4500
=001  9915462507807426
=005  20240624164756.0
=008  800401s1968\\\\dcu\\\\\\\\\\\000\0\eng\d
=016  7\$aCAT10245901$2DNAL
=035  \\$a206067
=035  \\$a(OCoLC)1289041248
=035  \\$a(DNAL)206067-naldb-Voyager
=040  \\$aAGL$beng$cAGL
=049  \\$aAGLL
=070  \\$aA280.39$bR31A no. 26
=072  \0$a7000
=100  1\$aNorman, Shirley.
=245  10$aBiphenyl residues in oranges:$beffect of biphenyl dosage and pad placement.
=260  \\$a[Washington]$c1968.
=300  \\$a8 p.
=490  1\$aU.S. Agricultural Research Service. ARS 51-26
=591  \\$bNAL Reclamation
=593  \\$fAgricola CAT
=655  \3$aInternet resource.
=830  \0$aARS 51 ;$v26.
=856  41$uhttps://archive.org/details/biphenylresidues26norm
=912  \\$analcatalog
=930  \\$a20140306$b00000000$c00000000
=945  \\$aDigiMet
=945  \\$p12
=946  \\$aUSDA
=959  \\$c2014-03-06$earojas$gap
=994  \\$a92$bAGL

