=LDR  01603cam a2200481Mi 4500
=001  9915462512507426
=005  20240624164757.0
=008  800401s1968\\\\pauao\\\\ab\\f000\0\eng\d
=016  7\$aCAT10246129$2DNAL
=035  \\$a206538
=035  \\$a(OCoLC)1039854261
=035  \\$a(DNAL)206538-naldb-Voyager
=040  \\$aAGM$beng$cAGM$dOCLCO$dOCLCQ$dAGL
=049  \\$aAGLL
=070  \\$aA99.9$bF7622U no. 84
=072  \0$a4500
=100  1\$aShigo, Alex L.
=245  10$aSapsuckers and Fomes igniarius var. populinus /$c[Alex L. Shigo and Lawrence Kilham].
=260  \\$aUpper Darby, Pa. :$bU.S. Forest Service, Northeastern Forest Experiment Station,$c1968.
=300  \\$a2 pages :$billustrations ;$c20 cm.
=336  \\$atext$btxt$2rdacontent
=337  \\$aunmediated$bn$2rdamedia
=338  \\$avolume$bnc$2rdacarrier
=490  1\$aResearch Note (U.S. Forest Service, Northeastern Forest Experiment Station) ;$vNE-84
=504  \\$aIncludes bibliographical references.
=591  \\$bNAL Reclamation
=593  \\$fAgricola CAT
=650  \3$abirds.
=650  \3$adisease vectors.
=650  \3$anests.
=650  \3$aPhellinus igniarius.
=650  \3$aPopulus grandidentata.
=650  \3$aSphyrapicus varius.
=655  \3$aInternet resource.
=700  1\$aKilham, Lawrence.
=830  \0$aUSDA Forest Service research note NE ;$v84.
=856  41$uhttps://archive.org/details/sapsuckersfomesi84shig
=912  \\$analcatalog
=930  \\$a20140116$b00000000$c00000000
=945  \\$aDigiMet
=945  \\$p6
=946  \\$aUSDA
=959  \\$c2014-01-15$essouder$gurl
=959  \\$c2014-01-16$earojas$gap
=994  \\$a92$bAGL

