=LDR  01648cam a2200469Ii 4500
=001  9915463485407426
=005  20240624165010.0
=008  861112t19051905maua\\\\\\\\\\001\0\eng\d
=010  \\$a   06000689 
=016  7\$aCAT10724006$2DNAL
=035  \\$a329564
=035  \\$a(OCoLC)1011854521
=035  \\$a(DNAL)329564-naldb-Voyager
=040  \\$aNJR$beng$erda$cNJR$dNJR$dOCLCF$dOCLCO$dOCLCQ$dEEM$dOCL$dAGL
=049  \\$aRQIB
=050  00$aSF487$b.R657 1905
=070  0\$a47$bR56F
=072  \0$aL100
=100  1\$aRobinson, John H.$q(John Henry),$d1863-1935,$eauthor.$0http://id.loc.gov/authorities/names/no99005654
=245  10$aFirst lessons in poultry keeping :$bfirst year course /$cby John H. Robinson.
=264  \1$aBoston, Mass. :$bFarm-Poultry Pub. Co.,$c1905.
=264  \4$c©1905
=300  \\$a168 pages :$billustrations ;$c23 cm.
=336  \\$atext$btxt$2rdacontent
=337  \\$aunmediated$bn$2rdamedia
=338  \\$avolume$bnc$2rdacarrier
=490  1\$aFarm-poultry series ;$vno. 8
=591  \\$bNAL Reclamation
=593  \\$fAgricola CAT
=650  \0$aPoultry$xBreeding.$0http://id.loc.gov/authorities/subjects/sh85105894
=650  \0$aPoultry$xHousing.$0http://id.loc.gov/authorities/subjects/sh85105901
=655  \3$aInternet resource.
=830  \0$aFarm-poultry series ;$vno. 8.
=856  41$uhttps://archive.org/details/firstlessonsinpo08robi
=911  \\$ichl00017894
=912  \\$analcatalog
=930  \\$a20160524$b20160603$c00000000
=939  \\$a20140702$b20140807$c00000000
=939  \\$a20120911$b20121009$c00000000
=945  \\$aDigiMet
=945  \\$p184
=946  \\$aOther US
=959  \\$c2012-09-11$earojas$gap
=994  \\$a92$bAGL

