=LDR  01191cam a2200349M  4500
=001  9915463492407426
=005  20240620144231.0
=008  861106s1902\\\\ilua\\\\\\\\\\000\0\eng\d
=016  7\$aCAT10724024$2DNAL
=035  \\$a329210
=035  \\$a(OCoLC)1289008360
=035  \\$a(DNAL)329210-naldb-Voyager
=040  \\$aAGL$beng$cAGL
=049  \\$aRQIB
=070  0\$a47$bR272Su Ed. 5
=072  \0$aL100
=245  00$aSuccess with poultry :$ba book on successful and profitable poultry raising, containing valuable information for persons who think of engaging in any branch of the poultry business for profit /$cwritten and edited by Grant M. Curtis.
=250  \\$a5th ed.
=260  \\$aQuincy, IL :$bReliable Poultry Journal Pub. Co.,$c[c1902]
=300  \\$a112 p. :$bill. ;$c28 cm.
=591  \\$bNAL Reclamation
=593  \\$fAgricola CAT
=650  \0$aPoultry.
=655  \3$aInternet resource.
=700  1\$aCurtis, Grant M.
=710  2\$aReliable Poultry Journal Publishing Co.
=856  41$uhttps://archive.org/details/successwithpoult00curt
=911  \\$ichl00017889
=912  \\$analcatalog
=930  \\$a20140702$b20140807$c00000000
=945  \\$aDigiMet
=945  \\$p120
=946  \\$aOther US
=994  \\$a92$bAGL

