=LDR  01751cam a2200469Ia 4500
=001  9915463942407426
=005  20240620151750.0
=008  980610s1948\\\\dcuab\\\\b\\\f000\0\eng\d
=016  7\$aCAT10849156$2DNAL
=035  \\$a815100
=035  \\$a(OCoLC)26561760
=035  \\$a(DNAL)815100-naldb-Voyager
=040  \\$aZCU$beng$cZCU$dOCL$dAGL$dOCLCQ$dFUG$dOCLCQ$dOCLCF$dOCLCQ$dCOD$dVA@$dOCLCQ
=043  \\$an-us---
=049  \\$aAGLL
=050  \0$aS560$b.U5
=070  0\$aaS441.C53$b1948
=072  \0$aE200
=086  0\$aA 36.118:58 rev.
=086  0\$aA 36.118:58
=245  00$aChanges in farming.
=260  \\$aWashington, D.C. :$bU.S. Dept. of Agriculture, Bureau of Agricultural Economics,$c[1948]
=300  \\$a107 pages :$billustrations, maps ;$c26 cm
=336  \\$atext$btxt$2rdacontent
=337  \\$aunmediated$bn$2rdamedia
=338  \\$avolume$bnc$2rdacarrier
=504  \\$aIncludes bibliographical references.
=591  \\$bNAL Reclamation
=593  \\$fAgricola CAT
=650  \0$aAgriculture$zUnited States.$0http://id.loc.gov/authorities/subjects/sh85002470
=651  \7$aUnited States.$2fast$0(OCoLC)fst01204155
=655  \3$aInternet resource.
=710  1\$aUnited States.$bBureau of Agricultural Economics.$0http://id.loc.gov/authorities/names/n80060900
=776  08$iOnline version:$tChanges in farming.$dWashington, D.C. : U.S. Dept. of Agriculture, Bureau of Agricultural Economics, [1948]$w(OCoLC)993088565
=856  41$uhttps://archive.org/details/changesinfarming58unit
=912  \\$analcatalog
=930  \\$a20140812$b20140905$c00000000
=939  \\$a20130213$b20130304$c00000000
=939  \\$a19980702$b19980709$c00000000
=945  \\$dRLG$e98/06/04$fAR$g98/06/10
=945  \\$p116
=945  \\$aDigiMet
=946  \\$aUSDA
=994  \\$a92$bAGL

