=LDR  02094cam a2200529Ia 4500
=001  9915463952407426
=005  20240620151746.0
=008  980610s1946\\\\dcua\\\\\b\\\f000\0\eng\d
=016  7\$aCAT10849143$2DNAL
=035  \\$a815087
=035  \\$a(OCoLC)13280421
=035  \\$a(DNAL)815087-naldb-Voyager
=040  \\$aCUY$beng$cCUY$dAGL$dOCLCQ$dFUG$dNUI$dOCLCQ$dOCLCF$dOCLCQ$dOCLCO$dOCL
=043  \\$an-us---
=049  \\$aAGLL
=050  \0$aHD1761$b.J63
=070  0\$aaHD1761.J64$b1946
=072  \0$aE100
=086  0\$aA 36.118:58
=100  1\$aJohnson, Sherman Ellsworth,$d1896-
=245  10$aChanges in farming in war and peace /$cby Sherman E. Johnson.
=260  \\$aWashington, D.C. :$bU.S. Dept. of Agriculture, Bureau of Agricultural Economics,$c[1946]
=300  \\$a99 pages :$billustrations ;$c27 cm.
=336  \\$atext$btxt$2rdacontent
=337  \\$aunmediated$bn$2rdamedia
=338  \\$avolume$bnc$2rdacarrier
=490  1\$aFM ;$v58
=504  \\$aIncludes bibliographical references.
=591  \\$bNAL Reclamation
=593  \\$fAgricola CAT
=650  \0$aAgriculture$xEconomic aspects$zUnited States.
=650  \0$aWorld War, 1939-1945$xEconomic aspects$zUnited States.
=651  \7$aUnited States.$2fast$0(OCoLC)fst01204155
=647  \7$aWorld War$d(1939-1945)$2fast$0(OCoLC)fst01180924
=648  \7$a1939-1945$2fast
=655  \3$aInternet resource.
=710  1\$aUnited States.$bBureau of Agricultural Economics.$0http://id.loc.gov/authorities/names/n80060900
=776  08$iOnline version:$aJohnson, Sherman Ellsworth, 1896-$tChanges in farming in war and peace.$dWashington, D.C. : U.S. Dept. of Agriculture, Bureau of Agricultural Economics, [1946]$w(OCoLC)1014023140
=830  \0$aFM (United States. Bureau of Agricultural Economics) ;$v58.
=856  41$uhttps://archive.org/details/changesinfarming58john
=912  \\$analcatalog
=930  \\$a20140812$b20140905$c00000000
=939  \\$a20130213$b20130304$c00000000
=939  \\$a19980702$b19980709$c00000000
=945  \\$dRLG$e98/06/04$fAR$g98/06/10
=945  \\$p108
=945  \\$aDigiMet
=946  \\$aUSDA
=994  \\$a92$bAGL

