=LDR  01608cam a2200457Ia 4500
=001  9915464052907426
=005  20240620151823.0
=008  980610s1940\\\\dcu\\\\\\\\\\f000\0\eng\d
=016  7\$aCAT10849128$2DNAL
=035  \\$a815073
=035  \\$a(OCoLC)06282629
=035  \\$a(DNAL)815073-naldb-Voyager
=040  \\$aCLE$beng$cCLE$dAGL$dOCLCQ$dCUY$dOCLCQ$dOCLCF$dOCLCQ$dOCLCO$dCOF
=043  \\$an-us---
=049  \\$aAGLL
=050  \0$aHT167$b.U54 1940
=070  0\$a1.95$bG82G
=072  \0$aE110
=086  0\$aA 61.2:G 82/4
=110  1\$aUnited States.$bFarm Security Administration.$0http://id.loc.gov/authorities/names/n50067296
=245  10$aGreenbelt communities.
=260  \\$a[Washington, D.C.] :$b[The Administration],$c[1940]
=300  \\$a17 leaves ;$c27 cm
=336  \\$atext$btxt$2rdacontent
=337  \\$aunmediated$bn$2rdamedia
=338  \\$avolume$bnc$2rdacarrier
=591  \\$bNAL Reclamation
=593  \\$fAgricola CAT
=650  \0$aGarden cities$zUnited States.
=650  \0$aGreenbelts$zUnited States.
=650  \0$aCity planning$zUnited States.
=651  \7$aUnited States.$2fast$0(OCoLC)fst01204155
=655  \3$aInternet resource.
=776  08$iOnline version:$aUnited States. Farm Security Administration.$tGreenbelt communities.$d[Washington, D.C. : The Administration, 1940]$w(OCoLC)687086736
=856  41$uhttps://archive.org/details/greenbeltcommun1940unit_0
=912  \\$analcatalog
=930  \\$a20140812$b20140905$c00000000
=939  \\$a19980702$b19980709$c00000000
=945  \\$dRLG$e98/05/18$fJR$g98/06/10
=945  \\$p42
=945  \\$aDigiMet
=946  \\$aOther US
=994  \\$a92$bAGL

