=LDR  01552cam a2200457 a 4500
=001  9915464071907426
=005  20240624171422.0
=008  980620s1973\\\\dcua\\\\\s\\\f000\0\eng\\
=010  \\$a   73602390 
=016  7\$aCAT10849930$2DNAL
=035  \\$a(OCoLC)ocm00797481 980623
=035  \\$90849-93060
=035  \\$a815704
=035  \\$a(DNAL)815704-naldb-Voyager
=040  \\$aDLC$cDLC$dAGL
=049  \\$aAGLL
=070  0\$aA280.29$bF22I no.88
=072  \0$aE400
=086  0\$aA 89.15:88
=100  1\$aBradford, Henry W.$q(Henry Wells),$d1917-
=245  10$aForeign trade of cooperatives /$c[by Henry W. Bradford and Richard S. Berberich].
=260  \\$a[Washington, D.C.] :$bFarmer Cooperative Service, U.S. Dept. of Agriculture,$c[1973]
=300  \\$avi, 38 p. :$bill. ;$c27 cm.
=490  1\$aFCS information ;$v88
=500  \\$aCover title.
=593  \\$fAgricola CAT
=650  \0$aCooperative marketing of farm produce$zUnited States.
=651  \0$aUnited States$xCommerce.
=655  \3$aInternet resource
=700  1\$aBerberich, Richard S.$q(Richard Shaefer),$d1915-
=710  1\$aUnited States.$bFarmer Cooperative Service.
=830  \0$aFCS information ;$v88.
=856  41$uhttps://archive.org/details/foreigntradeofco88brad
=912  \\$analcatalog
=930  \\$a20140305$b20140404$c00000000
=939  \\$a20130225$b20130304$c00000000
=939  \\$a19980702$b19980709$c00000000
=945  \\$dDF$e98/06/17$fJR$g98/06/20$n1
=945  \\$p52
=945  \\$aDigiMet
=946  \\$aUSDA
=959  \\$c2013-02-11$edcollins$gap
=959  \\$c2013-02-25$earojas$gap

