=LDR  02626cam a2200697 a 4500
=001  9915464292307426
=005  20240624171449.0
=008  940707s1994\\\\dcua\\\\\bc\\f000\0\eng\d
=010  \\$a   94190826 
=016  7\$aCAT10665791$2DNAL
=035  \\$a(OCoLC)ocm30718741
=035  \\$a713927
=035  \\$a(DNAL)713927-naldb-Voyager
=040  \\$aDNAr$cDLC$dAGL
=042  \\$alccopycat
=043  \\$an-usu--
=049  \\$aAGLL
=070  0\$aaQK1.U47$bno.7
=072  \0$aF110
=072  \0$aX700
=072  \0$aX000
=100  1\$aMeyer, Frederick G.$q(Frederick Gustav),$d1917-2006.
=245  12$aA catalog of cultivated woody plants of the southeastern United States /$cby Frederick G. Meyer, Peter M. Mazzeo, and Donald H. Voss.
=260  \\$a[Washington, D.C.] :$bU.S. Dept. of Agriculture, Agricultural Research Service,$c[1994]
=300  \\$avii, 330 pages :$billustrations ;$c28 cm.
=336  \\$atext$btxt$2rdacontent
=337  \\$aunmediated$bn$2rdamedia
=338  \\$avolume$bnc$2rdacarrier
=490  1\$aUnited States National Arboretum contribution ;$vno. 7
=500  \\$aErrata slip inserted.
=500  \\$a"February 1994"--T.p. verso.
=504  \\$aIncludes bibliographical references (pages 326-330).
=530  \\$aAlso available on the Internet.
=593  \\$fAgricola CAT
=650  \0$aPlants, Cultivated$zSouthern States.
=650  \0$aWoody plants$zSouthern States.
=650  \0$aTrees$zSouthern States.
=650  \0$aShrubs$zSouthern States.
=650  \0$aOrnamental woody plants$zSouthern States.
=650  \0$aPlants, Cultivated$xCatalogs and collections$zSouthern States.
=650  \0$aWoody plants$xCatalogs and collections$zSouthern States.
=650  \0$aTrees$xCatalogs and collections$zSouthern States.
=650  \0$aShrubs$xCatalogs and collections$zSouthern States.
=650  \0$aOrnamental woody plants$xCatalogs and collections$zSouthern States.
=655  \3$aInternet resource
=700  1\$aMazzeo, Peter M.
=700  1\$aVoss, Donald H.
=710  1\$aNational Arboretum (U.S.)
=830  \0$aUnited States National Arboretum contribution ;$vno. 7.
=852  \\$aDNAr$iQK1.W37 no.7
=856  41$uhttp://archive.org/details/catalogofcultiv07meye
=912  \\$analcatalog
=930  \\$a20210525$b00000000$c00000000
=939  \\$a20130906$b20131018$c00000000
=939  \\$a20071031$b20071102$c00000000
=939  \\$a20050518$b20050604$c00000000
=939  \\$a19950501$b19950505$c00000000
=945  \\$ddmn$e95/03/24$fdmn$g95/03/30$n1
=945  \\$p350
=945  \\$aDigiMet
=946  \\$aOther US
=959  \\$c2013-09-06$essouder$gurl
=959  \\$c2021-05-25$earojas$gupgrade

