=LDR  01403cas a2200409Mi 4500
=001  9915464358507426
=005  20240624171446.0
=008  001121uuuuuuuuudcuuu\\\\\\\\\0\\\\0eng\d
=016  7\$aCAT11088395$2DNAL
=035  \\$a847508
=035  \\$a(OCoLC)1027089309
=035  \\$a(DNAL)847508-naldb-Voyager
=040  \\$aAOW$beng$cAOW$dOCLCO$dOCLCF$dTKN$dINT$dOCLCQ$dOCLCO$dAGL
=049  \\$aRQIC
=070  0\$a1$bB85R
=086  0\$aA 58.1:952
=086  0\$aA 58.1:
=110  1\$aUnited States.$bDepartment of Agriculture.$bOffice of Budget and Finance.$0http://id.loc.gov/authorities/names/n82105420
=245  10$aReport of the director of finance.
=260  \\$a[Washington] :$b[Govt. Print. Off.],$c[<1935->]
=300  \\$avolumes ;$coctavo
=336  \\$atext$btxt$2rdacontent
=337  \\$aunmediated$bn$2rdamedia
=338  \\$avolume$bnc$2rdacarrier
=591  \\$bNAL Reclamation
=593  \\$fAgricola CAT
=650  \0$aAgriculture$xEconomic aspects.$0http://id.loc.gov/authorities/subjects/sh85002427
=655  \3$aInternet resource.
=856  41$uhttps://archive.org/details/usda-reportbudgetandfinance
=912  \\$analcatalog
=930  \\$a20140702$b20140807$c00000000
=939  \\$a20140207$b20140307$c00000000
=945  \\$aDigiMet
=945  \\$vpt. 1
=945  \\$p34
=945  \\$aDigiMet
=945  \\$vpt. 2
=945  \\$p36
=945  \\$aDigiMet
=945  \\$vpt. 3
=945  \\$p48
=945  \\$aDigiMet
=945  \\$vpt. 4
=945  \\$p28
=945  \\$aDigiMet
=945  \\$vpt. 5
=945  \\$p32
=945  \\$aDigiMet
=945  \\$vpt. 6
=945  \\$p36
=945  \\$aDigiMet
=945  \\$vpt. 7
=945  \\$p36
=945  \\$aDigiMet
=945  \\$vpt. 8
=945  \\$p22
=945  \\$aDigiMet
=945  \\$vpt. 9
=945  \\$p32
=945  \\$aDigiMet
=945  \\$vpt. 10
=945  \\$p138
=945  \\$aDigiMet
=945  \\$vpt. 11
=945  \\$p174
=945  \\$aDigiMet
=945  \\$vpt. 12
=945  \\$p52
=945  \\$aDigiMet
=945  \\$vpt. 13
=945  \\$p70
=945  \\$aDigiMet
=945  \\$vpt. 14
=945  \\$p56
=945  \\$aDigiMet
=945  \\$vpt. 15
=945  \\$p44
=945  \\$aDigiMet
=945  \\$vpt. 16
=945  \\$p52
=945  \\$aDigiMet
=945  \\$vpt. 17
=945  \\$p48
=945  \\$aDigiMet
=945  \\$vpt. 18
=945  \\$p60
=945  \\$aDigiMet
=945  \\$vpt. 19
=945  \\$p66
=946  \\$aUSDA
=959  \\$c2013-04-02$essouder$gap
=959  \\$c2014-01-02$ejgilbert$gsubjadd
=959  \\$c2014-02-07$edcollins$gsubjadd
=994  \\$a92$bAGL

