=LDR  01680cas a2200469 a 4500
=001  9915464362607426
=005  20240624171444.0
=008  001121u1927uuuudcuuu\\\\\\\\f0\\\\0eng\c
=010  \\$asn 87028254 
=012  \\$i8704
=016  7\$aCAT11088346$2DNAL
=019  \\$a40370944$a1036230191
=035  \\$a847628
=035  \\$a(OCoLC)15537326$z(OCoLC)40370944$z(OCoLC)1036230191
=035  \\$a(DNAL)847628-naldb-Voyager
=035  \\$z(OCoLC)40370944$z(OCoLC)1036230191
=040  \\$aNYG$beng$cNYG$dOCLCQ$dOCLCF$dAGL
=042  \\$apcc
=049  \\$aAGLL
=070  0\$a1$bF732Sc
=245  00$aService and regulatory announcements.$pCaustic poison /$cUnited States Department of Agriculture, Food, Drug, and Insecticide Administration.
=246  30$aCaustic poison
=246  13$aS.R.A., C.P.
=260  \\$aWashington, D.C. :$bU.S. Food, Drug and Insecticide Administration,$c1927-
=300  \\$a2 no. in 1 v. ;$c24 cm.
=362  0\$aNo. 1 (Dec. 1927)-
=362  1\$aCeased.
=515  \\$aNo. 1, revision 1 issued Jan. 1929.
=525  \\$aNo. 1 has supplement issued Nov. 1928.
=591  \\$bNAL Reclamation
=593  \\$fAgricola CAT
=650  \0$aPoisons$xLaw and legislation$vPeriodicals.
=655  \7$aPeriodicals.$2fast$0(OCoLC)fst01411641
=710  1\$aUnited States.$bFood, Drug, and Insecticide Administration.$0http://id.loc.gov/authorities/names/n85209352
=850  \\$aDNAL$aN
=856  41$uhttps://archive.org/details/usda-serviceregulatoryannouncements
=912  \\$analcatalog
=930  \\$a20140521$b20140606$c00000000
=945  \\$aDigiMet
=945  \\$vpt. 1
=945  \\$p18
=945  \\$aDigiMet
=945  \\$vpt. 3
=945  \\$p16
=945  \\$aDigiMet
=945  \\$vpt. 4
=945  \\$p24
=945  \\$aDigiMet
=945  \\$vpt. 5
=945  \\$p24
=945  \\$aDigiMet
=945  \\$vpt. 6
=945  \\$p8
=946  \\$aUSDA
=959  \\$c2014-10-03$essouder$gurl
=959  \\$c2014-05-21$ergallett$gupgrade
=994  \\$a92$bAGL

