=LDR  01441cas a2200421Ma 4500
=001  9915464364207426
=005  20240624171448.0
=008  001121d191919uudcuuu\p\\\\\\f0\\\\0eng\d
=016  7\$aCAT11088563$2DNAL
=019  \\$a174003389
=035  \\$a847225
=035  \\$a(OCoLC)235952465$z(OCoLC)174003389
=035  \\$a(DNAL)847225-naldb-Voyager
=035  \\$z(OCoLC)174003389
=040  \\$aHLS$beng$cHLS$dOCLCF$dAGL$dOCLCQ
=043  \\$an-us---
=049  \\$aAGLL
=070  0\$a1$bSo3S
=110  1\$aUnited States.$bBureau of Soils.$0http://id.loc.gov/authorities/names/n80145308
=245  10$aService and regulatory announcements /$cUnited States Department of Agriculture, Bureau of Soils.
=260  \\$aWashington :$bG.P.O.,$c1919-
=300  \\$avolumes ;$c23 cm
=336  \\$atext$btxt$2rdacontent
=337  \\$aunmediated$bn$2rdamedia
=338  \\$avolume$bnc$2rdacarrier
=362  0\$a1 (Dec. 23, 1919)-
=591  \\$bNAL Reclamation
=593  \\$fAgricola CAT
=610  10$aUnited States.$bBureau of Soils$vPeriodicals.
=610  17$aUnited States.$bBureau of Soils$2fast$0(OCoLC)fst00551050
=655  \7$aPeriodicals.$2fast$0(OCoLC)fst01411641
=856  41$uhttps://archive.org/details/usda-serviceregulatoryannouncements
=912  \\$analcatalog
=930  \\$a20140522$b00000000$c00000000
=945  \\$aDigiMet
=945  \\$vpt. 1
=945  \\$p6
=946  \\$aUSDA
=959  \\$c2014-10-03$essouder$gurl
=959  \\$c2014-05-22$ergallett$gupgrade
=994  \\$a92$bAGL

