=LDR  02305cam a2200577Ia 4500
=001  9915464364907426
=005  20240624171437.0
=008  000530s1999\\\\dcua\\\\\\\\\f000\0\eng\\
=016  7\$aCAT11068415$2DNAL
=035  \\$a847464
=035  \\$a(OCoLC)43962779
=035  \\$a(DNAL)847464-naldb-Voyager
=040  \\$aAGL$beng$cAGL$dOCLCQ$dAGL$dOCLCG$dOCLCQ$dOCLCO$dOCLCA$dOCLCF$dCOF$dOCLCA
=043  \\$an-us---
=049  \\$aAGLL
=070  0\$a1$bAg84M no. 1554
=072  \0$aA500
=072  \0$aF120
=072  \0$aF100
=086  0\$aA 1.38:1554
=100  1\$aVogel, Frederic A.
=245  10$aUnderstanding USDA crop forescasts /$c[Frederic A. Vogel and Gerald A. Bange].
=260  \\$a[Washington, D.C.] :$bU.S. Dept. Agriculture, National Agricultural Statistics Service and Office of the Chief Economist World Agricultural Outlook Board,$c[1999]
=300  \\$a17 pages :$billustrations ;$c28 cm.
=336  \\$atext$btxt$2rdacontent
=337  \\$aunmediated$bn$2rdamedia
=338  \\$avolume$bnc$2rdacarrier
=490  1\$aMiscellaneous publication ;$vno. 1554
=530  \\$aAlso available on the Internet.
=591  \\$bNAL Reclamation
=593  \\$fAgricola CAT
=650  \0$aCrops$zUnited States$xForecasting.
=651  \7$aUnited States.$2fast$0(OCoLC)fst01204155
=655  \3$aInternet resource.
=700  1\$aBange, Gerald A.$q(Gerald Adam),$d1944-$0http://id.loc.gov/authorities/names/no99056324
=710  1\$aUnited States.$bNational Agricultural Statistics Service.
=710  1\$aUnited States.$bWorld Agricultural Outlook Board.$0http://id.loc.gov/authorities/names/n83054886
=830  \0$aMiscellaneous publication (United States. Department of Agriculture) ;$vno. 1554.
=856  41$uhttp://www.nass.usda.gov/Education_and_Outreach/Understanding_Statistics/pub1554.pdf
=856  41$uhttps://archive.org/details/understandingusd1554voge
=912  \\$analcatalog
=930  \\$a20211013$b00000000$c00000000
=939  \\$a20140305$b20140404$c00000000
=939  \\$a20100902$b20101001$c00000000
=939  \\$a20051018$b20051102$c00000000
=939  \\$a20000602$b20000608$c00000000
=945  \\$dml$e2000/05/02$fsp$g2000/05/30$n1
=945  \\$p26
=945  \\$aDigiMet
=946  \\$aUSDA
=959  \\$c2010-09-02$edcollins$gurlc
=959  \\$c2021-10-13$earojas$gupgrade
=994  \\$a92$bAGL

