=LDR  01888cas a2200481M  4500
=001  9915464366307426
=005  20240624171446.0
=008  001121d19281928dcu\x\p\\\\\\f0\\\\0eng\d
=016  7\$aCAT11088399$2DNAL
=035  \\$a847510
=035  \\$a(OCoLC)213743903
=035  \\$a(DNAL)847510-naldb-Voyager
=040  \\$aCUY$beng$cCUY$dOCLCF$dAGL$dOCL$dOCLCQ
=043  \\$an-us---
=049  \\$aAGLL
=050  \0$aSB951.U65$bS4
=070  0\$a1$bF732Sr
=110  1\$aUnited States.$bFood, Drug, and Insecticide Administration.$0http://id.loc.gov/authorities/names/n85209352
=245  10$aService and regulatory announcements.$pInsecticide and fungicide /$cUnited States Department of Agriculture, Food, Drug, and Insecticide Administrtion.
=246  11$aInsecticide and fungicide
=246  10$aS.R.A., I.F.
=260  \\$aWashington, D.C.,$bThe Administration,$c©1928-
=300  \\$avolumes$c23 cm
=310  \\$aIrregular
=336  \\$atext$btxt$2rdacontent
=337  \\$aunmediated$bn$2rdamedia
=338  \\$avolume$bnc$2rdacarrier
=362  0\$aNo. 1- Oct. 1928-
=591  \\$bNAL Reclamation
=593  \\$fAgricola CAT
=650  \0$aInsecticides$zUnited States$vHandbooks, manuals, etc.
=650  \0$aPesticides$xLaw and legislation$vPeriodicals.
=651  \7$aUnited States.$2fast$0(OCoLC)fst01204155
=655  \7$aHandbooks and manuals.$2fast$0(OCoLC)fst01423877
=655  \7$aPeriodicals.$2fast$0(OCoLC)fst01411641
=776  08$iOnline version:$aUnited States. Food, Drug, and Insecticide Administration.$tService and regulatory announcements. Insecticide and fungicide$w(OCoLC)609783862
=856  41$uhttps://archive.org/details/usda-serviceregulatoryannouncements
=912  \\$analcatalog
=930  \\$a20140521$b20140606$c00000000
=945  \\$aDigiMet
=945  \\$vpt. 1
=945  \\$p16
=946  \\$aUSDA
=959  \\$c2014-10-03$essouder$gurl
=959  \\$c2014-05-21$ergallett$gupgrade
=994  \\$a92$bAGL

