=LDR  01479cas a2200421Ia 4500
=001  9915464369407426
=005  20240624171441.0
=008  001121d19071913dcuuu\\\\\\\\f0\\\\0eng\d
=016  7\$aCAT11088342$2DNAL
=035  \\$a847576
=035  \\$a(OCoLC)38966648
=035  \\$a(DNAL)847576-naldb-Voyager
=040  \\$aTKN$beng$cTKN$dOCL$dAGL$dOCLCQ$dOCLCF$dOCLCQ$dMNU
=049  \\$aAGLL
=050  \0$aHD9410.9.U5$bA54
=070  0\$a1$bAn52An
=086  0\$aA 4.13:
=110  1\$aUnited States.$bBureau of Animal Industry.$0http://id.loc.gov/authorities/names/n82020789
=245  10$aService announcements.
=260  \\$aWashington, D.C. :$bGov't Print. Off.,$c1907-1913.
=300  \\$avolumes ;$c23 cm
=336  \\$atext$btxt$2rdacontent
=337  \\$aunmediated$bn$2rdamedia
=338  \\$avolume$bnc$2rdacarrier
=362  0\$aNo. [1] (May 15, 1907)-no. 80 (Dec. 15, 1913).
=591  \\$bNAL Reclamation
=593  \\$fAgricola CAT
=650  \0$aMeat inspection$vPeriodicals.
=655  \3$aInternet resource.
=655  \7$aPeriodicals.$2fast$0(OCoLC)fst01411641
=785  00$aUnited States. Bureau of Animal Industry.$tService and regulatory announcements$w(OCoLC)17762165
=856  41$uhttps://archive.org/details/usda-serviceandregulatoryannouncementsanimalindustry
=912  \\$analcatalog
=930  \\$a20140603$b20140704$c00000000
=939  \\$a20121213$b20130104$c00000000
=945  \\$aDigiMet
=945  \\$p24
=945  \\$aDigiMet
=945  \\$p20
=945  \\$aDigiMet
=945  \\$p20
=945  \\$aDigiMet
=945  \\$p20
=945  \\$aDigiMet
=945  \\$p24
=945  \\$aDigiMet
=945  \\$p20
=945  \\$aDigiMet
=945  \\$p20
=945  \\$aDigiMet
=945  \\$p20
=945  \\$aDigiMet
=945  \\$p20
=945  \\$aDigiMet
=945  \\$p20
=945  \\$aDigiMet
=945  \\$p20
=945  \\$aDigiMet
=945  \\$p20
=945  \\$aDigiMet
=945  \\$p18
=945  \\$aDigiMet
=945  \\$p22
=945  \\$aDigiMet
=945  \\$p12
=945  \\$aDigiMet
=945  \\$p28
=945  \\$aDigiMet
=945  \\$p24
=945  \\$aDigiMet
=945  \\$p22
=945  \\$aDigiMet
=945  \\$p18
=945  \\$aDigiMet
=945  \\$p20
=945  \\$aDigiMet
=945  \\$p24
=945  \\$aDigiMet
=945  \\$p20
=945  \\$aDigiMet
=945  \\$p18
=945  \\$aDigiMet
=945  \\$p20
=945  \\$aDigiMet
=945  \\$p20
=945  \\$aDigiMet
=945  \\$p18
=945  \\$aDigiMet
=945  \\$p18
=945  \\$aDigiMet
=945  \\$p20
=945  \\$aDigiMet
=945  \\$p28
=945  \\$aDigiMet
=945  \\$p18
=945  \\$aDigiMet
=945  \\$p22
=945  \\$aDigiMet
=945  \\$p20
=945  \\$aDigiMet
=945  \\$p18
=945  \\$aDigiMet
=945  \\$p18
=945  \\$aDigiMet
=945  \\$p24
=945  \\$aDigiMet
=945  \\$p18
=945  \\$aDigiMet
=945  \\$p20
=945  \\$aDigiMet
=945  \\$p22
=945  \\$aDigiMet
=945  \\$p24
=945  \\$aDigiMet
=945  \\$p16
=945  \\$aDigiMet
=945  \\$p26
=945  \\$aDigiMet
=945  \\$p18
=945  \\$aDigiMet
=945  \\$p20
=945  \\$aDigiMet
=945  \\$p20
=945  \\$aDigiMet
=945  \\$p22
=945  \\$aDigiMet
=945  \\$p24
=945  \\$aDigiMet
=945  \\$p18
=945  \\$aDigiMet
=945  \\$p20
=945  \\$aDigiMet
=945  \\$p20
=945  \\$aDigiMet
=945  \\$p18
=945  \\$aDigiMet
=945  \\$p26
=945  \\$aDigiMet
=945  \\$p28
=945  \\$aDigiMet
=945  \\$p28
=945  \\$aDigiMet
=945  \\$p16
=945  \\$aDigiMet
=945  \\$p18
=945  \\$aDigiMet
=945  \\$p18
=945  \\$aDigiMet
=945  \\$p20
=945  \\$aDigiMet
=945  \\$p20
=945  \\$aDigiMet
=945  \\$p20
=945  \\$aDigiMet
=945  \\$p18
=945  \\$aDigiMet
=945  \\$p18
=945  \\$aDigiMet
=945  \\$p24
=945  \\$aDigiMet
=945  \\$p22
=945  \\$aDigiMet
=945  \\$p16
=945  \\$aDigiMet
=945  \\$p20
=945  \\$aDigiMet
=945  \\$p26
=945  \\$aDigiMet
=945  \\$p44
=945  \\$aDigiMet
=945  \\$p20
=945  \\$aDigiMet
=945  \\$p20
=945  \\$aDigiMet
=945  \\$p26
=945  \\$aDigiMet
=945  \\$p18
=945  \\$aDigiMet
=945  \\$p20
=945  \\$aDigiMet
=945  \\$p20
=945  \\$aDigiMet
=945  \\$p18
=945  \\$aDigiMet
=945  \\$p16
=945  \\$aDigiMet
=945  \\$p24
=945  \\$aDigiMet
=945  \\$p26
=945  \\$aDigiMet
=945  \\$p24
=945  \\$aDigiMet
=945  \\$p20
=945  \\$aDigiMet
=945  \\$p20
=946  \\$aUSDA
=959  \\$c2012-12-13$ergallett$gupgrade
=994  \\$a92$bAGL

