=LDR  01051cas a22003372  4500
=001  9915464370707426
=005  20240624171438.0
=008  001010d19uu19uuxxuuu\\\\\\\\f0\\\\1eng\d
=016  7\$aCAT11085406$2DNAL
=035  \\$91085-40660
=035  \\$a847937
=035  \\$a(DNAL)847937-naldb-Voyager
=040  \\$aAGL$dAGL
=049  \\$aRQIC
=070  0\$a1.9$bIn3Wn
=110  1\$aUnited States.$bDepartment of Agriculture.$bRadio Service.
=245  10$aWith Uncle Sam's naturalists.
=362  1\$aCeased.
=500  \\$aNAL holdings: Sept. 27, 1929-
=593  \\$fAgricola CAT
=650  \0$aAnimals$zUnited States$vPeriodicals.
=650  \0$aPlants$zUnited States$vPeriodicals.
=650  \0$aForests and forestry$zUnited States$vPeriodicals.
=655  \3$aInternet resource
=856  41$uhttps://archive.org/details/usda-usdaradioservice
=912  \\$analcatalog
=930  \\$a20140505$b20140606$c00000000
=939  \\$a20130725$b20130906$c00000000
=945  \\$aDigiMet
=945  \\$p186
=945  \\$aDigiMet
=945  \\$p168
=945  \\$aDigiMet
=945  \\$p46
=945  \\$aDigiMet
=945  \\$p160
=945  \\$aDigiMet
=945  \\$p62
=946  \\$aUSDA
=959  \\$c2013-04-02$essouder$gap
=959  \\$c2013-07-25$ergallett$gaccadd

