=LDR  00962cas a2200325M  4500
=001  9915464376807426
=005  20240624171445.0
=008  001121d192519uuxxuuu\\\\\\\\f0\\\\0eng\d
=016  7\$aCAT11088340$2DNAL
=035  \\$a847575
=035  \\$a(OCoLC)1289002519
=035  \\$a(DNAL)847575-naldb-Voyager
=040  \\$aAGL$beng$cAGL
=049  \\$aRQIC
=070  0\$a1$bD14S
=110  1\$aUnited States.$bBureau of Dairying.
=245  10$aService and regulatory announcements.
=260  \\$bWashington :$bU.S. G.P.O.,$c1925-
=362  0\$aNo. 1- April, 1925-
=362  1\$aCeased.
=591  \\$bNAL Reclamation
=593  \\$fAgricola CAT
=650  \0$aDairy laws$zUnited States$vPeriodicals.
=856  41$uhttps://archive.org/details/usda-serviceregulatoryannouncements
=912  \\$analcatalog
=930  \\$a20140521$b20140606$c00000000
=945  \\$aDigiMet
=945  \\$vpt. 1
=945  \\$p12
=946  \\$aUSDA
=959  \\$c2014-10-03$essouder$gurl
=959  \\$c2014-05-21$ergallett$gaccadd
=994  \\$a92$bAGL

