=LDR  01976cas a22005892  4500
=001  9915464385407426
=005  20240624171446.0
=008  001010d192919uuxxuuu\\\\\\\\f0\\\\1eng\d
=016  7\$aCAT11085415$2DNAL
=035  \\$91085-41560
=035  \\$a847938
=035  \\$a(DNAL)847938-naldb-Voyager
=040  \\$aAGL$dAGL
=049  \\$aRQIC
=070  0\$a1.9$bIn3Yo
=110  1\$aUnited States.$bDepartment of Agriculture.$bRadio Service.
=245  10$aYour farm reporter in Washington.
=246  1\$aYour farm reporter at Washington
=246  1\$aFarm reporter
=246  1\$aWashington farm reporter
=246  1\$aYour Washington farm reporter
=362  1\$aCeased.
=500  \\$aNAL holdings: Sept. 16, 1929-
=500  \\$aEach issue has individual title.
=588  \\$aDescription based on: Sept. 16, 1929; title from caption.
=588  \\$aLatest issue consulted: Dec. 30, 1931.
=593  \\$fAgricola CAT
=650  \0$aAgriculture$zUnited States$vPeriodicals.
=650  \0$aRadio scripts$zUnited States.
=655  \3$aInternet resource
=740  02$aCooperation interview.
=740  02$aLivestock interview.
=740  02$aCrops and soils interview.
=740  02$aPoultry interview.
=740  02$aDairy interview.
=740  02$aCooperative interview.
=740  02$aInterview.
=740  02$aCrops and soils.
=740  02$aCo-op interview.
=740  42$aThe possibilities of cooperative marketing.
=740  02$aFederal Farm Board interview.
=740  02$aWhy read the labels on commercial livestock feeds?
=740  02$aReports of recent progress in poultry science.
=856  41$uhttps://archive.org/details/usda-usdaradioservice
=912  \\$analcatalog
=930  \\$a20140812$b20140905$c00000000
=939  \\$a20140410$b20140502$c00000000
=939  \\$a20140319$b20140404$c00000000
=945  \\$aDigiMet
=945  \\$vpt. 1
=945  \\$p88
=945  \\$aDigiMet
=945  \\$vpt. 2
=945  \\$p170
=945  \\$aDigiMet
=945  \\$vpt. 3
=945  \\$p170
=945  \\$aDigiMet
=945  \\$vpt. 4
=945  \\$p168
=945  \\$aDigiMet
=945  \\$vpt. 5
=945  \\$p138
=945  \\$aDigiMet
=945  \\$vpt. 6
=945  \\$p140
=945  \\$aDigiMet
=945  \\$vpt. 7
=945  \\$p150
=945  \\$aDigiMet
=945  \\$vpt. 8
=945  \\$p160
=945  \\$aDigiMet
=945  \\$vpt. 9
=945  \\$p158
=945  \\$aDigiMet
=945  \\$vpt. 10
=945  \\$p132
=945  \\$aDigiMet
=945  \\$vpt. 11
=945  \\$p136
=945  \\$aDigiMet
=945  \\$vpt. 12
=945  \\$p116
=945  \\$aDigiMet
=945  \\$vpt. 13
=945  \\$p142
=945  \\$aDigiMet
=945  \\$vpt. 14
=945  \\$p150
=945  \\$aDigiMet
=945  \\$vpt. 15
=945  \\$p140
=945  \\$aDigiMet
=945  \\$vpt. 16
=945  \\$p168
=945  \\$aDigiMet
=945  \\$vpt. 17
=945  \\$p148
=945  \\$aDigiMet
=945  \\$vpt. 18
=945  \\$p146
=945  \\$aDigiMet
=945  \\$vpt. 19
=945  \\$p120
=945  \\$aDigiMet
=945  \\$vpt. 20
=945  \\$p92
=945  \\$aDigiMet
=945  \\$vpt. 21
=945  \\$p92
=945  \\$aDigiMet
=945  \\$vpt. 22
=945  \\$p86
=945  \\$aDigiMet
=945  \\$vpt. 23
=945  \\$p100
=945  \\$aDigiMet
=945  \\$vpt. 24
=945  \\$p88
=945  \\$aDigiMet
=945  \\$vpt. 25
=945  \\$p102
=945  \\$aDigiMet
=945  \\$vpt. 26
=945  \\$p86
=945  \\$aDigiMet
=945  \\$vpt. 27
=945  \\$p84
=945  \\$aDigiMet
=945  \\$vpt. 28
=945  \\$p84
=945  \\$aDigiMet
=945  \\$vpt. 29
=945  \\$p14
=946  \\$aUSDA
=959  \\$c2013-04-02$essouder$gap
=959  \\$c2014-03-19$ergallett$gaccadd
=959  \\$c2014-04-10$ergallett$gaccadd

