=LDR  01705cas a2200505 a 4500
=001  9915464386507426
=005  20240624171446.0
=008  001010d193519uudcu\x\p\\\\\\f|\\\\0eng\\
=010  \\$a  2011220857
=016  7\$aCAT11084816$2DNAL
=035  \\$a847864
=035  \\$a(OCoLC)85825012
=035  \\$a(DNAL)847864-naldb-Voyager
=040  \\$aAGL$beng$cAGL$dAGL$dOCLCQ$dOCLCO$dOCLCA$dOCLCQ$dOCLCA$dOCLCF$dOCLCO
=042  \\$apcc
=043  \\$an-us---
=049  \\$aAGLL
=070  0\$a1.9$bIn3Hu
=072  \0$aC210
=245  04$aThe hook-up.
=260  \\$a[Washington, D.C.] :$bRadio Service of the Office of Information
=310  \\$aIrregular
=336  \\$atext$btxt$2rdacontent
=337  \\$aunmediated$bn$2rdamedia
=362  1\$aBegan with vol. 1, no. 1 (Nov./Dec. 1935).
=588  \\$aDescription based on first issue; title from caption.
=588  \\$aLatest issue consulted: Vol. 5, no. 2 (Mar. 1940).
=591  \\$bNAL Reclamation
=593  \\$fAgricola CAT
=650  \0$aAgricultural extension work$zUnited States$vPeriodicals.
=650  \0$aRadio in agriculture$zUnited States$vPeriodicals.
=651  \7$aUnited States.$2fast$0(OCoLC)fst01204155
=655  \3$aInternet resource.
=655  \7$aPeriodicals.$2fast$0(OCoLC)fst01411641
=710  1\$aUnited States.$bDepartment of Agriculture.$bRadio Service.
=710  1\$aUnited States.$bExtension Service.
=850  \\$aDNAL
=856  41$uhttps://archive.org/details/usda-usdaradioservice
=912  \\$analcatalog
=930  \\$a20140702$b20140807$c00000000
=939  \\$a20070309$b20070402$c00000000
=945  \\$ddgoldberg$e2007/03/09
=945  \\$vpt. 1
=945  \\$p38
=945  \\$aDigiMet
=945  \\$vpt. 2
=945  \\$p34
=945  \\$aDigiMet
=945  \\$vpt. 3
=945  \\$p18
=945  \\$aDigiMet
=945  \\$vpt. 4
=945  \\$p18
=945  \\$aDigiMet
=945  \\$vpt. 5
=945  \\$p20
=945  \\$aDigiMet
=945  \\$vpt. 6
=945  \\$p14
=945  \\$aDigiMet
=945  \\$vpt. 7
=945  \\$p14
=945  \\$aDigiMet
=945  \\$vpt. 8
=945  \\$p12
=945  \\$aDigiMet
=945  \\$vpt. 9
=945  \\$p10
=945  \\$aDigiMet
=945  \\$vpt. 10
=945  \\$p12
=945  \\$aDigiMet
=945  \\$vpt. 11
=945  \\$p24
=945  \\$aDigiMet
=945  \\$vpt. 12
=945  \\$p24
=945  \\$aDigiMet
=945  \\$vpt. 13
=945  \\$p22
=945  \\$aDigiMet
=945  \\$vpt. 14
=945  \\$p34
=945  \\$aDigiMet
=945  \\$vpt. 15
=945  \\$p30
=945  \\$aDigiMet
=945  \\$vpt. 16
=945  \\$p26
=945  \\$aDigiMet
=945  \\$vpt. 17
=945  \\$p32
=945  \\$aDigiMet
=946  \\$aUSDA
=959  \\$c2013-04-02$essouder$gap
=994  \\$a92$bAGL

