=LDR  01953cas a2200553 a 4500
=001  9915464509007426
=005  20240624171448.0
=008  001121d192819uudcu\x\p\\\\\\f0\\\a0eng\d
=010  \\$aagr28000396 
=012  \\$i8610
=016  7\$aCAT11088343$2DNAL
=022  0\$a0888-644X$l0888-644X$21
=035  \\$a847431
=035  \\$a(OCoLC)12926435
=035  \\$a(DNAL)847431-naldb-Voyager
=040  \\$aVXG$beng$cVXG$dNSD$dNYG$dOCL$dOCLCQ$dOCLCF$dAGL$dOCLCQ
=042  \\$ansdp
=043  \\$an-us---
=049  \\$aAGLL
=050  \0$aHD9000.9.U5$bA173
=070  0\$a1$bF732St
=110  1\$aUnited States.$bFood, Drug, and Insecticide Administration.$0http://id.loc.gov/authorities/names/n85209352
=210  0\$aServ. regul. announc., Tea
=222  \0$aService and regulatory announcements. Tea
=245  10$aService and regulatory announcements.$pTea /$cUnited States Department of Agriculture, Food, Drug, and Insecticide Administration.
=246  13$aS.R.A., T.
=246  30$aSRA, T
=246  30$aTea
=260  \\$a[Washington] :$bThe Administration,$c1928-
=300  \\$avolumes ;$c23 cm
=310  \\$aIrregular
=336  \\$atext$btxt$2rdacontent
=337  \\$aunmediated$bn$2rdamedia
=338  \\$avolume$bnc$2rdacarrier
=362  0\$aNo. 1-
=591  \\$bNAL Reclamation
=593  \\$fAgricola CAT
=650  \0$aTea$xLaw and legislation$zUnited States$vPeriodicals.
=651  \7$aUnited States.$2fast$0(OCoLC)fst01204155
=655  \7$aPeriodicals.$2fast$0(OCoLC)fst01411641
=776  08$iOnline version:$aUnited States. Food, Drug, and Insecticide Administration.$tService and regulatory announcements. Tea$w(OCoLC)742360780
=850  \\$aN
=856  41$uhttps://archive.org/details/usda-serviceregulatoryannouncements
=912  \\$analcatalog
=930  \\$a20140521$b20140606$c00000000
=945  \\$aDigiMet
=945  \\$vpt. 1
=945  \\$p18
=945  \\$aDigiMet
=945  \\$vpt. 2
=945  \\$p6
=945  \\$aDigiMet
=945  \\$vpt. 3
=945  \\$p6
=945  \\$aDigiMet
=945  \\$vpt. 4
=945  \\$p6
=945  \\$aDigiMet
=945  \\$vpt. 5
=945  \\$p6
=945  \\$aDigiMet
=945  \\$vpt. 6
=945  \\$p6
=945  \\$aDigiMet
=945  \\$vpt. 7
=945  \\$p6
=945  \\$aDigiMet
=945  \\$vpt. 8
=945  \\$p6
=945  \\$aDigiMet
=945  \\$vpt. 9
=945  \\$p6
=945  \\$aDigiMet
=945  \\$vpt. 10
=945  \\$p6
=945  \\$aDigiMet
=945  \\$vpt. 11
=945  \\$p6
=945  \\$aDigiMet
=945  \\$vpt. 12
=945  \\$p6
=945  \\$aDigiMet
=945  \\$vpt. 13
=945  \\$p6
=946  \\$aUSDA
=959  \\$c2014-10-03$essouder$gurl
=959  \\$c2014-05-21$ergallett$gupgrade
=994  \\$a92$bAGL

