=LDR  01153cas a22003372  4500
=001  9915464509907426
=005  20240624171436.0
=008  001010d19uu19uuxxuuu\\\\\\\\f0\\\\1eng\d
=016  7\$aCAT11084886$2DNAL
=035  \\$91084-88660
=035  \\$a847934
=035  \\$a(DNAL)847934-naldb-Voyager
=040  \\$aAGL$dAGL
=049  \\$aRQIC
=070  0\$a1.9$bIn3Li
=110  1\$aUnited States.$bDepartment of Agriculture.$bRadio Service.
=245  10$aList of radio stations cooperating with Radio Service, United States Department of Agriculture.
=246  1\$aList of stations broadcasting services of the United States Department of Agriculture
=362  1\$aCeased.
=500  \\$aNAL holdings: [1926/27]
=593  \\$fAgricola CAT
=650  \0$aRadio stations$zUnited States.
=650  \0$aCommunication in agriculture$zUnited States.
=655  \3$aInternet resource
=856  41$uhttps://archive.org/details/listofradiostati1926unit
=912  \\$analcatalog
=930  \\$a20140812$b20140905$c00000000
=939  \\$a20140331$b20140404$c00000000
=945  \\$aDigiMet
=945  \\$p16
=946  \\$aUSDA
=959  \\$c2013-04-02$essouder$gap
=959  \\$c2014-03-31$ergallett$gaccadd

