=LDR  01057cas a22003372  4500
=001  9915464516407426
=005  20240624171440.0
=008  001010d19uu19uuxxuuu\\\\\\\\f0\\\\1eng\d
=016  7\$aCAT11084876$2DNAL
=035  \\$91084-87660
=035  \\$a847933
=035  \\$a(DNAL)847933-naldb-Voyager
=040  \\$aAGL$dAGL
=049  \\$aRQIC
=070  0\$a1.9$bIn3Lik
=100  1\$aSalisbury, Morse,$d1898-1962.
=245  10$aLike radio listeners, and radio listeners will like you.
=362  1\$aCeased.
=500  \\$aBy Morse Salisbury ...
=593  \\$fAgricola CAT
=650  \0$aRadio audiences$zUnited States.
=650  \0$aCommunication in agriculture$zUnited States.
=655  \3$aInternet resource
=710  1\$aUnited States.$bDepartment of Agriculture.$bRadio Service.
=856  41$uhttps://archive.org/details/likeradiolistene00sali
=912  \\$analcatalog
=930  \\$a20140812$b20140905$c00000000
=939  \\$a20140331$b20140404$c00000000
=945  \\$aDigiMet
=945  \\$p8
=946  \\$aUSDA
=959  \\$c2013-04-02$essouder$gap
=959  \\$c2014-03-31$ergallett$gaccadd

