=LDR  02123cas a2200553 a 4500
=001  9915464519407426
=005  20240624171443.0
=008  001121d18991925dcuar\\\\\\\\f0\\\\0eng\c
=010  \\$asn 87027689 
=012  \\$i8702
=016  7\$aCAT11088390$2DNAL
=035  \\$a847505
=035  \\$a(OCoLC)15144334
=035  \\$a(DNAL)847505-naldb-Voyager
=040  \\$aNYG$beng$cNYG$dOCLCQ$dOCLCF$dAGL$dCGU$dNOC$dAOW
=042  \\$apcc
=049  \\$aAGLL
=070  0\$a1$bC42
=110  1\$aUnited States.$bBureau of Chemistry.$0http://id.loc.gov/authorities/names/n80145303
=245  10$aReport of the chemist /$cDepartment of Agriculture, Bureau of Chemistry.
=246  13$aReport of the acting chemist for ...$f1912
=246  13$aReport of the chemist for ...$f1911
=260  \\$a[Washington :$bG.P.O.]
=300  \\$av. ;$c23 cm.
=310  \\$aAnnual
=336  \\$atext$btxt$2rdacontent
=337  \\$aunmediated$bn$2rdamedia
=338  \\$avolume$bnc$2rdacarrier
=362  0\$a-1925.
=362  1\$aBegan with 1899.
=580  \\$aContinues: United States. Division of Chemistry. Report of the chief of the Division of Chemistry.
=580  \\$aContinued by: United States. Bureau of Chemistry. Report of the chief of the Bureau of Chemistry.
=588  \\$aLatest issue consulted: 1911.
=591  \\$bNAL Reclamation
=593  \\$fAgricola CAT
=650  \0$aChemistry$vPeriodicals.
=650  \2$aChemistry$xPeriodicals.
=655  \7$aPeriodicals.$2fast$0(OCoLC)fst01411641
=776  08$iOnline version:$aUnited States. Bureau of Chemistry.$tReport of the chemist$w(OCoLC)820740675
=780  10$aUnited States. Division of Chemistry.$tReport of the chief of the Division of Chemistry
=785  10$aUnited States. Bureau of Chemistry.$tReport of the chief of the Bureau of Chemistry$w(DLC)sn 87027690$w(OCoLC)15144424
=850  \\$aN
=856  41$uhttps://archive.org/details/usda-reportchiefchemistry
=912  \\$analcatalog
=930  \\$a20140701$b20140704$c00000000
=945  \\$aDigiMet
=945  \\$vpt. 1
=945  \\$p124
=945  \\$aDigiMet
=945  \\$vpt. 2
=945  \\$p88
=945  \\$aDigiMet
=945  \\$vpt. 3
=945  \\$p60
=945  \\$aDigiMet
=945  \\$vpt. 4
=945  \\$p72
=945  \\$aDigiMet
=945  \\$vpt. 5
=945  \\$p58
=945  \\$aDigiMet
=945  \\$vpt. 6
=945  \\$p40
=945  \\$aDigiMet
=945  \\$vpt. 7
=945  \\$p42
=945  \\$aDigiMet
=945  \\$vpt. 8
=945  \\$p14
=945  \\$aDigiMet
=945  \\$vpt. 9
=945  \\$p20
=945  \\$aDigiMet
=945  \\$vpt. 10
=945  \\$p14
=945  \\$aDigiMet
=945  \\$vpt. 11
=945  \\$p28
=945  \\$aDigiMet
=945  \\$vpt. 12
=945  \\$p20
=945  \\$aDigiMet
=945  \\$vpt. 13
=945  \\$p24
=945  \\$aDigiMet
=945  \\$vpt. 14
=945  \\$p24
=945  \\$aDigiMet
=945  \\$vpt. 15
=945  \\$p36
=945  \\$aDigiMet
=945  \\$vpt. 16
=945  \\$p44
=945  \\$aDigiMet
=945  \\$vpt. 17
=945  \\$p36
=945  \\$aDigiMet
=945  \\$vpt. 18
=945  \\$p36
=945  \\$aDigiMet
=945  \\$vpt. 19
=945  \\$p36
=945  \\$aDigiMet
=945  \\$vpt. 20
=945  \\$p60
=945  \\$aDigiMet
=945  \\$vpt. 21
=945  \\$p68
=945  \\$aDigiMet
=945  \\$vpt. 22
=945  \\$p72
=945  \\$aDigiMet
=945  \\$vpt. 23
=945  \\$p70
=945  \\$aDigiMet
=945  \\$vpt. 24
=945  \\$p60
=945  \\$aDigiMet
=945  \\$vpt. 25
=945  \\$p14
=945  \\$aDigiMet
=945  \\$vpt. 26
=945  \\$p16
=945  \\$aDigiMet
=945  \\$vpt. 27
=945  \\$p16
=945  \\$aDigiMet
=945  \\$vpt. 28
=945  \\$p20
=945  \\$aDigiMet
=945  \\$vpt. 29
=945  \\$p26
=945  \\$aDigiMet
=945  \\$vpt. 30
=945  \\$p30
=945  \\$aDigiMet
=945  \\$vpt. 31
=945  \\$p30
=945  \\$aDigiMet
=945  \\$vpt. 32
=945  \\$p36
=945  \\$aDigiMet
=945  \\$vpt. 33
=945  \\$p54
=945  \\$aDigiMet
=945  \\$vpt. 34
=945  \\$p44
=945  \\$aDigiMet
=945  \\$vpt. 35
=945  \\$p34
=945  \\$aDigiMet
=945  \\$vpt. 36
=945  \\$p32
=945  \\$aDigiMet
=945  \\$vpt. 37
=945  \\$p28
=945  \\$aDigiMet
=945  \\$vpt. 38
=945  \\$p32
=945  \\$aDigiMet
=945  \\$vpt. 39
=945  \\$p40
=945  \\$aDigiMet
=945  \\$vpt. 40
=945  \\$p36
=945  \\$aDigiMet
=945  \\$vpt. 41
=945  \\$p48
=945  \\$aDigiMet
=945  \\$vpt. 42
=945  \\$p72
=945  \\$aDigiMet
=945  \\$vpt. 43
=945  \\$p84
=945  \\$aDigiMet
=945  \\$vpt. 44
=945  \\$p50
=945  \\$aDigiMet
=945  \\$vpt. 45
=945  \\$p56
=945  \\$aDigiMet
=945  \\$vpt. 46
=945  \\$p60
=945  \\$aDigiMet
=945  \\$vpt. 47
=945  \\$p50
=945  \\$aDigiMet
=945  \\$vpt. 48
=945  \\$p56
=945  \\$aDigiMet
=945  \\$vpt. 49
=945  \\$p60
=945  \\$aDigiMet
=945  \\$vpt. 50
=945  \\$p60
=945  \\$aDigiMet
=945  \\$vpt. 51
=945  \\$p110
=945  \\$aDigiMet
=945  \\$vpt. 52
=945  \\$p92
=945  \\$aDigiMet
=945  \\$vpt. 53
=945  \\$p96
=945  \\$aDigiMet
=945  \\$vpt. 54
=945  \\$p46
=945  \\$aDigiMet
=945  \\$vpt. 55
=945  \\$p44
=945  \\$aDigiMet
=945  \\$vpt. 56
=945  \\$p44
=945  \\$aDigiMet
=945  \\$vpt. 57
=945  \\$p44
=945  \\$aDigiMet
=945  \\$vpt. 58
=945  \\$p52
=945  \\$aDigiMet
=945  \\$vpt. 59
=945  \\$p64
=945  \\$aDigiMet
=945  \\$vpt. 60
=945  \\$p76
=945  \\$aDigiMet
=945  \\$vpt. 61
=945  \\$p96
=945  \\$aDigiMet
=945  \\$vpt. 62
=945  \\$p124
=945  \\$aDigiMet
=945  \\$vpt. 63
=945  \\$p104
=945  \\$aDigiMet
=945  \\$vpt. 64
=945  \\$p88
=945  \\$aDigiMet
=945  \\$vpt. 65
=945  \\$p94
=946  \\$aUSDA
=959  \\$c2014-10-03$essouder$gurl
=959  \\$c2014-07-01$ergallett$gupgrade
=994  \\$a92$bAGL

