=LDR  01886cas a2200481M  4500
=001  9915464530507426
=005  20240624171440.0
=008  001121u1938uuuudcuuu\\\\\\\\f|\\\\0eng\d
=010  \\$zagr38000364 
=016  7\$aCAT11088805$2DNAL
=035  \\$a847037
=035  \\$a(OCoLC)604948424
=035  \\$a(DNAL)847037-naldb-Voyager
=040  \\$aUBC$beng$cUBC$dOCLCF$dOCLCO$dOCLCQ$dAGL
=043  \\$an-us---
=049  \\$aRQIC
=050  \0$aHD171.A1$bA3
=070  0\$a1$bEc7La
=110  1\$aUnited States.$bBureau of Agricultural Economics.$0http://id.loc.gov/authorities/names/n80060900
=245  10$aLand policy review.
=260  \\$a[Washington],$b[U.S. Govt. Print. Off.],$c[1938]-
=336  \\$atext$btxt$2rdacontent
=337  \\$aunmediated$bn$2rdamedia
=362  0\$aVol. 1, no. 1- May/June 1938-
=580  \\$aSupersedes Land policy circular (1.95 L22) of the U.S. Department of agriculture, Bureau of agricultural economics, which continued the Land policy review (1.94Ad472Lpr) formerly issued by the U.S. Agricultural adjustment administration.
=591  \\$bNAL Reclamation
=593  \\$fAgricola CAT
=650  \0$aNatural resources$vPeriodicals.
=650  \0$aLand use$vPeriodicals.
=650  \0$aNatural resources$zUnited States.$0http://id.loc.gov/authorities/subjects/sh85090261
=650  \3$aland use.
=650  \3$anatural resources.
=651  \7$aUnited States.$2fast$0(OCoLC)fst01204155
=655  \3$aInternet resource.
=655  \7$aPeriodicals.$2fast$0(OCoLC)fst01411641
=710  1\$aUnited States.$bBureau of Agricultural Economics.$0http://id.loc.gov/authorities/names/n80060900
=856  41$uhttps://archive.org/details/usda-landpolicyreview
=912  \\$analcatalog
=930  \\$a20140702$b20140807$c00000000
=939  \\$a20140130$b20140207$c00000000
=945  \\$aDigiMet
=945  \\$vpt. 1
=945  \\$p134
=945  \\$aDigiMet
=945  \\$vpt. 2
=945  \\$p346
=945  \\$aDigiMet
=945  \\$vpt. 3
=945  \\$p408
=945  \\$aDigiMet
=945  \\$vpt. 4
=945  \\$p600
=945  \\$aDigiMet
=945  \\$vpt. 5
=945  \\$p400
=945  \\$aDigiMet
=945  \\$vpt. 6
=945  \\$p178
=945  \\$aDigiMet
=945  \\$vpt. 7
=945  \\$p172
=945  \\$aDigiMet
=945  \\$vpt. 8
=945  \\$p182
=945  \\$aDigiMet
=945  \\$vpt. 9
=945  \\$p160
=945  \\$aDigiMet
=945  \\$vpt. 10
=945  \\$p92
=946  \\$aUSDA
=959  \\$c2014-01-30$ejgilbert$gap
=994  \\$a92$bAGL

