=LDR  01485cam a2200409Ia 4500
=001  9915464534607426
=005  20240620155100.0
=008  920621s1885\\\\iluac\\\\\\\\\000\0\eng\d
=016  7\$aCAT10517405$2DNAL
=035  \\$a408834
=035  \\$a(OCoLC)18460946
=035  \\$a(DNAL)408834-naldb-Voyager
=040  \\$aTXH$beng$cTXH$dOCLCQ$dAGL$dKRTAS$dOCLCQ$dOCLCF$dOCLCQ$dOCLCO
=049  \\$aRQIA
=050  \0$aSF487$b.F33 1885
=070  0\$a47$bF33P
=072  \0$aL100
=100  1\$aFelch, I. K.$q(Isaac Kimbal),$d1834-
=245  10$aPoultry culture :$bhow to raise, manage, mate and judge thoroughbred fowls /$cby I.K. Felch.
=260  \\$aChicago :$bDonohue, Henneberry,$c©1885.
=300  \\$a438 pages :$billustrations, portrait ;$c20 cm
=336  \\$atext$btxt$2rdacontent
=337  \\$aunmediated$bn$2rdamedia
=338  \\$avolume$bnc$2rdacarrier
=530  \\$aAlso issued online.
=591  \\$bNAL Reclamation
=593  \\$fAgricola CAT
=650  \0$aPoultry.$0http://id.loc.gov/authorities/subjects/sh85105892
=655  \3$aInternet resource.
=776  08$iOnline version:$aFelch, I.K. (Isaac Kimbal), 1834-$tPoultry culture.$dChicago : Donohue, Henneberry, ©1885$w(OCoLC)556704311
=856  41$uhttps://archive.org/details/poultrycultureho00felc_0
=912  \\$analcatalog
=930  \\$a20160526$b20160603$c00000000
=938  \\$aKirtas Technologies, Inc.$bKRTS$n284548
=939  \\$a20140505$b20140606$c00000000
=945  \\$aDigiMet
=945  \\$p450
=946  \\$aOther US
=994  \\$a92$bAGL

