=LDR  01850cam a2200469Ia 4500
=001  9915464538107426
=005  20240624171439.0
=008  920620s1914\\\\pauac\\\\\\\\\000\0\eng\\
=010  \\$a   14019971 
=016  7\$aCAT10509549$2DNAL
=035  \\$a408515
=035  \\$a(OCoLC)15592705
=035  \\$a(DNAL)408515-naldb-Voyager
=040  \\$aDLC$beng$cTRN$dOCL$dOCLCQ$dAGL$dYTJ$dOCLCQ$dOCLCF
=049  \\$aAGLL
=050  00$aSF487$b.B2
=070  0\$aSF487$b.B37 1914
=100  1\$aBarron, T. A.
=245  12$aA complete treatise of the methods used by Tom Barron, England, in producing heavy layers.
=246  14$aHow I breed the 200 egg hen
=260  \\$aPhiladelphia, Pa. :$bTom Barron Pub. Co.,$c©1914.
=300  \\$a79 pages :$billustrations, portrait ;$c19 cm
=336  \\$atext$btxt$2rdacontent
=337  \\$aunmediated$bn$2rdamedia
=338  \\$avolume$bnc$2rdacarrier
=590  \\$aRare and Special Collections' copy is part of the James M. Gwin Poultry Book Collection.
=591  \\$bNAL Reclamation
=593  \\$fAgricola CAT
=650  \0$aPoultry farms$xManagement.
=650  \0$aPoultry$xHousing.$0http://id.loc.gov/authorities/subjects/sh85105901
=650  \0$aChicks$xFeeding and feeds.
=650  \0$aEggs$xProduction.$0http://id.loc.gov/authorities/subjects/sh85041242
=655  \3$aInternet resource.
=776  08$iOnline version:$aBarron, Tom.$tComplete treatise of the methods used by Tom Barron, England, in producing heavy layers.$dPhiladelphia, Pa. : Tom Barron Pub. Co. c1914$w(OCoLC)784089537
=856  41$uhttps://archive.org/details/completetreatise00barr_0
=912  \\$analcatalog
=930  \\$a20160607$b20160701$c00000000
=939  \\$a20140702$b20140807$c00000000
=939  \\$a20110325$b20110402$c00000000
=945  \\$aDigiMet
=945  \\$p88
=946  \\$aOther US
=958  \\$be$c2011-03-25$dn$emlydon
=994  \\$a92$bAGL

