=LDR  01496cam a2200385I  4500
=001  9915464544807426
=005  20240620155102.0
=008  920621s1902\\\\nyua\\\\\\\\\\000\0\eng\d
=016  7\$aCAT10517644$2DNAL
=035  \\$a408856
=035  \\$a(OCoLC)18528501
=035  \\$a(DNAL)408856-naldb-Voyager
=040  \\$aRQI$beng$cRQI$dAGL$dOCLCG$dAAA$dOCLCQ$dOCLCF$dOCLCQ$dOCLCO
=049  \\$aRQIA
=050  10$aSF487$b.F532
=070  0\$a47$bF54
=072  \0$aN100
=100  1\$aFiske, George B.$q(George Burnap),$d1868-$0http://id.loc.gov/authorities/names/no98117907
=245  10$aPoultry architecture, a practical guide for construction of poultry houses, coops and yard.
=260  \\$aN.Y.,$b[publisher not identified],$c1902.
=300  \\$a130 pages$billustrations$c12 cm
=336  \\$atext$btxt$2rdacontent
=337  \\$aunmediated$bn$2rdamedia
=338  \\$avolume$bnc$2rdacarrier
=591  \\$bNAL Reclamation
=593  \\$fAgricola CAT
=650  \0$aPoultry$xHousing.$0http://id.loc.gov/authorities/subjects/sh85105901
=655  \3$aInternet resource.
=776  08$iOnline version:$aFiske, George B. (George Burnap), 1868-$tPoultry architecture, a practical guide for construction of poultry houses, coops and yard.$dN.Y., [s.n.], 1902$w(OCoLC)608993959
=856  41$uhttps://archive.org/details/poultryarchitect00fisk_0
=912  \\$analcatalog
=930  \\$a20160526$b20160603$c00000000
=939  \\$a20140702$b20140807$c00000000
=945  \\$aDigiMet
=945  \\$p156
=946  \\$aOther US
=994  \\$a92$bAGL

