=LDR  01708cam a2200445I  4500
=001  9915464545507426
=005  20240624171438.0
=008  920620s1941\\\\wau\\\\\\\\\\f000\0\eng\\
=010  \\$a   42017513 
=016  7\$aCAT10505185$2DNAL
=035  \\$a408286
=035  \\$a(OCoLC)04184292
=035  \\$a(DNAL)408286-naldb-Voyager
=040  \\$aDLC$beng$cABC$dAGL$dOCLCG$dCLU$dAMAZN$dVA@$dOCLCF$dOCLCQ$dOCLCO$dAGL
=049  \\$aAGLL
=050  00$aHF5549$b.S865 1941
=070  0\$a1$bAg84As Ed.2
=072  \0$aX800
=100  1\$aStockberger, W. W.$q(Warner Webster)$0http://id.loc.gov/authorities/names/n93001439
=245  10$aAs I see it:$bobservations of a civil servant. 50 essayettes of 150 words,$cby Warner W. Stockbeger.
=260  \\$aWashington,$bThe Graduate school, U.S. Dept. agriculture,$c1941.
=300  \\$a2 preliminary leaves, 50 pages,$c21 cm.
=336  \\$atext$btxt$2rdacontent
=337  \\$aunmediated$bn$2rdamedia
=338  \\$avolume$bnc$2rdacarrier
=490  0\$aPublic administration series
=591  \\$bNAL Reclamation
=593  \\$fAgricola CAT
=650  \0$aPersonnel management.$0http://id.loc.gov/authorities/subjects/sh85100143
=655  \3$aInternet resource.
=776  08$iOnline version:$aStockberger, W.W. (Warner Webster).$tAs I see it.$dWashington, The Graduate school, U.S. Dept. agriculture, 1941$w(OCoLC)577810947
=856  41$uhttp://archive.org/details/asiseeitobservat00stoc
=912  \\$analcatalog
=930  \\$a20210322$b00000000$c00000000
=938  \\$aAMAZON$bAMZN$nB0031M9HYE
=945  \\$aDigiMet
=945  \\$p64
=946  \\$aUSDA
=959  \\$c2013-09-06$essouder$gurl
=959  \\$c2011-01-19$edcollins$gap
=959  \\$c2021-03-19$ecsussman$gupgrade
=994  \\$a92$bAGL

