=LDR  02177cam a22004571  4500
=001  9915464559407426
=005  20240620155104.0
=008  920620s1911\\\\ilua\\\\\\\\\\000\0\eng\\
=010  \\$a   11006184 
=016  7\$aCAT10505235$2DNAL
=035  \\$a408441
=035  \\$a(OCoLC)04250794
=035  \\$a(DNAL)408441-naldb-Voyager
=040  \\$aDLC$beng$cDLC$dTXA$dAGL$dOCLCQ$dKRTAS$dOCLCQ$dOCLCF$dOCLCQ$dYTJ$dOCLCO$dOCLCQ
=042  \\$apremarc
=049  \\$aRQIA
=050  00$aSF489.O8$bD8
=070  0\$a47$bD81
=072  \0$aL200
=100  1\$aDrevenstedt, John Henry,$d1857-$eeditor.
=245  10$aStandard-bred Orpingtons,$bblack, buff and white, their practical qualities; the standard requirements; how to judge them; how to mate and breed for best results, with a chapter on new non-standard varieties.$cJ.H. Drevenstedt, editor. Contributed to by the best known and most expert breeders and judges in America ... Text and illustrations are based on the requirements of the 1910 edition of the American standard of perfection.
=260  \\$aQuincy, Ill.,$bReliable Poultry Journal Pub. Co.;$aBuffalo, N.Y.,$bAmerican Poultry Pub. Co.$c[©1911]
=300  \\$a4 preliminary leaves, 13-78 pages$bfrontispiece, illustrations$c30 cm
=336  \\$atext$btxt$2rdacontent
=337  \\$aunmediated$bn$2rdamedia
=338  \\$avolume$bnc$2rdacarrier
=530  \\$aAlso available in digital form on the Internet Archive Web site.
=591  \\$bNAL Reclamation
=593  \\$fAgricola CAT
=650  \0$aOrpington chicken.$0http://id.loc.gov/authorities/subjects/sh85095753
=655  \3$aInternet resource.
=710  2\$aReliable Poultry Journal Pub. Co.
=710  2\$aAmerican Poultry Pub. Co.
=740  0\$aOrpingtons.
=776  08$iOnline version:$aDrevenstedt, John Henry, 1857-$tStandard-bred Orpingtons.$dQuincy, Ill., Reliable Poultry Journal Pub. Co.; Buffalo, N.Y., American Poultry Pub. Co. [©1911]$w(OCoLC)620540999
=856  41$uhttps://archive.org/details/standardbredorpi00drev_0
=912  \\$analcatalog
=930  \\$a20140703$b20140807$c00000000
=938  \\$aKirtas Technologies, Inc.$bKRTS$n284471
=945  \\$aDigiMet
=945  \\$p86
=946  \\$aOther US
=994  \\$a92$bAGL

