=LDR  01936cam a22005051a 4500
=001  9915464578507426
=005  20240624171447.0
=008  920620s1940\\\\dcua\\\\\\\\\f000\0\eng\\
=010  \\$aagr40000378 
=016  7\$aCAT10507580$2DNAL
=035  \\$a408710
=035  \\$a(OCoLC)09650375
=035  \\$a(DNAL)408710-naldb-Voyager
=040  \\$aDLC$beng$cMHS$dDLC$dAGL$dOCLCQ$dOCLCF$dOCLCO$dOCLCA$dOKS$dAGL
=043  \\$an-us---
=049  \\$aAGLL
=050  00$aE185.8$b.U556
=070  0\$a1$bAg84N
=072  \0$aE500
=086  0\$aA 1.2:N 31
=245  04$aThe Negro in American agriculture.
=260  \\$a[Washington, D.C.] :$b[U.S. Dept. of Agriculture],$c[1940]
=300  \\$a11 pages :$billustrations ;$c24 cm
=336  \\$atext$btxt$2rdacontent
=337  \\$aunmediated$bn$2rdamedia
=338  \\$avolume$bnc$2rdacarrier
=591  \\$bNAL Reclamation
=593  \\$fAgricola CAT
=650  \0$aAfrican American farmers.$0http://id.loc.gov/authorities/subjects/sh85001844
=650  \0$aAfrican American agricultural laborers.$0http://id.loc.gov/authorities/subjects/sh85001786
=650  \0$aAgriculture$zUnited States.$0http://id.loc.gov/authorities/subjects/sh85002470
=651  \7$aUnited States.$2fast$0(OCoLC)fst01204155
=655  \3$aInternet resource.
=710  1\$aUnited States.$bDepartment of Agriculture.
=711  2\$aAmerican Negro Exposition$d(1940 :$cChicago, Ill.)$0http://id.loc.gov/authorities/names/n2011064685
=776  08$iOnline version:$tNegro in American agriculture.$d[Washington, D.C.] : [U.S. Dept. of Agriculture], [1940]$w(OCoLC)892334483
=856  41$uhttp://archive.org/details/negroinamericana00unit
=912  \\$analcatalog
=930  \\$a20210319$b00000000$c00000000
=939  \\$a20130906$b20131018$c00000000
=945  \\$aDigiMet
=945  \\$p16
=946  \\$aUSDA
=959  \\$c2013-09-06$essouder$gurl
=959  \\$c2013-04-02$essouder$gap
=959  \\$c2021-03-19$ecsussman$gupgrade
=994  \\$a92$bAGL

