=LDR  01744cam a2200433I  4500
=001  9915464583607426
=005  20240624171441.0
=008  920620s1902\\\\nyua\\\\\\\\\\000\0\eng\\
=010  \\$a   02021258 
=016  7\$aCAT10508731$2DNAL
=035  \\$a408494
=035  \\$a(OCoLC)13825446
=035  \\$a(DNAL)408494-naldb-Voyager
=040  \\$aDLC$beng$cNRC$dOCLCQ$dAGL$dOCLCG$dKRTAS$dOCLCF$dOCLCQ$dOCLCO
=049  \\$aRQIA
=050  00$aSF487$b.F53
=070  0\$a47$bF54P
=072  \0$aL100
=100  1\$aFiske, George B.$q(George Burnap),$d1868-$0http://id.loc.gov/authorities/names/no98117907
=245  10$aPoultry appliances & handicraft;$bhow to make & use labor-saving devices, wth descriptive plans for food & water supply, building & miscellaneous needs; also treats on artificial incubation&brooding;$ccomp. by George B. Fiske.
=260  \\$aNew York,$bOrange Judd Co,$c1902.
=300  \\$avii, 120 pages$billustrations$c19 cm
=336  \\$atext$btxt$2rdacontent
=337  \\$aunmediated$bn$2rdamedia
=338  \\$avolume$bnc$2rdacarrier
=591  \\$bNAL Reclamation
=593  \\$fAgricola CAT
=650  \0$aPoultry.$0http://id.loc.gov/authorities/subjects/sh85105892
=655  \3$aInternet resource.
=776  08$iOnline version:$aFiske, George B. (George Burnap), 1868-$tPoultry appliances & handicraft.$dNew York, Orange Judd Co, 1902$w(OCoLC)613152150
=856  41$uhttps://archive.org/details/poultryappliance00fisk_0
=912  \\$analcatalog
=930  \\$a20160526$b20160603$c00000000
=938  \\$aKirtas Technologies, Inc.$bKRTS$n308905
=939  \\$a20140702$b20140807$c00000000
=939  \\$a20130417$b20130503$c00000000
=945  \\$aDigiMet
=945  \\$p140
=946  \\$aOther US
=959  \\$c2013-04-17$essouder$gde
=994  \\$a92$bAGL

