=LDR  01046cam a2200349I  4500
=001  9915464591807426
=005  20240620155118.0
=008  920621s1894\\\\nyu\\\\\\\\\\\000\0\eng\d
=016  7\$aCAT10517631$2DNAL
=035  \\$a408841
=035  \\$a(OCoLC)18527692
=035  \\$a(DNAL)408841-naldb-Voyager
=040  \\$aRQI$beng$cRQI$dAGL$dOCLCQ$dOCLCF$dOCLCQ$dOCLCO
=049  \\$aRQIA
=070  0\$a47$bD29A
=072  \0$aL100
=100  1\$aDavis, J. H.
=245  10$aA.B.C. of poultry culture.
=260  \\$aChatham, N.Y.,$b[publisher not identified],$c1894.
=300  \\$a40 pages$c8 cm
=336  \\$atext$btxt$2rdacontent
=337  \\$aunmediated$bn$2rdamedia
=338  \\$avolume$bnc$2rdacarrier
=591  \\$bNAL Reclamation
=593  \\$fAgricola CAT
=650  \0$aPoultry.$0http://id.loc.gov/authorities/subjects/sh85105892
=655  \3$aInternet resource.
=856  41$uhttps://archive.org/details/abcofpoultrycult00davi
=912  \\$analcatalog
=930  \\$a20140702$b20140807$c00000000
=945  \\$aDigiMet
=945  \\$p48
=946  \\$aOther US
=994  \\$a92$bAGL

