=LDR  01553cam a2200409 i 4500
=001  9915464592207426
=005  20240620155110.0
=008  920621t18801880ctua\\\\\\\\\\000\0\eng\d
=016  7\$aCAT10517594$2DNAL
=035  \\$a408634
=035  \\$a(OCoLC)18518387
=035  \\$a(DNAL)408634-naldb-Voyager
=040  \\$aRQI$beng$erda$cRQI$dOCLCQ$dAGL$dKRTAS$dOCLCF$dOCLCQ$dOCLCO$dORE
=049  \\$aRQIA
=050  \0$aSF489.L5$bA9 1880
=070  0\$a47$bAy7
=072  \0$aL200
=100  1\$aAyres, F. H.$q(Frederick Henry),$eauthor.$0http://id.loc.gov/authorities/names/n85284892
=245  14$aThe quest of the Leghorn :$ba book of few theories, many facts /$cby F.H. Ayres.
=264  \1$aHartford, Conn. :$bMercantile Printing House,$c1880.
=264  \4$c©1880
=300  \\$a40 pages, 16 unnumbered pages of plates :$billustrations ;$c15 cm
=336  \\$atext$btxt$2rdacontent
=337  \\$aunmediated$bn$2rdamedia
=338  \\$avolume$bnc$2rdacarrier
=591  \\$bNAL Reclamation
=593  \\$fAgricola CAT
=650  \0$aLeghorn chicken.$0http://id.loc.gov/authorities/subjects/sh85075797
=655  \3$aInternet resource.
=776  08$iOnline version:$aAyres, Frederick H.$tQuest of the Leghorn.$dHartford, Conn., Mercantile printing House, 1880$w(OCoLC)656870837
=856  41$uhttps://archive.org/details/questofleghorn00ayre
=912  \\$analcatalog
=930  \\$a20140702$b20140807$c00000000
=938  \\$aKirtas Technologies, Inc.$bKRTS$n676346
=939  \\$a20060914$b20061003$c00000000
=945  \\$aDigiMet
=945  \\$p62
=946  \\$aOther US
=994  \\$a92$bAGL

