=LDR  02046cam a22004571  4500
=001  9915464599507426
=005  20240620155117.0
=008  920620s1919\\\\nyua\\\\\\\\\\000\0\eng\\
=010  \\$a   19016488 
=016  7\$aCAT10505313$2DNAL
=019  \\$a832984150
=035  \\$a408871
=035  \\$a(OCoLC)04408504$z(OCoLC)832984150
=035  \\$a(DNAL)408871-naldb-Voyager
=035  \\$z(OCoLC)832984150
=040  \\$aDLC$beng$cCLE$dDLC$dOCLCQ$dAGL$dOCLCQ$dKRTAS$dOCLCF$dOCLCQ
=049  \\$aRQIA
=050  00$aSF489.P7$bA5
=070  0\$a47$bAm31
=072  \0$aL200
=110  2\$aAmerican Poultry Association.$0http://id.loc.gov/authorities/names/n86801091
=245  14$aThe Plymouth Rock standard and breed book;$ba complete description of all varieties of Plymouth Rocks, with the text in full from the latest (1915) revised edition of the American standard of perfection as it relates to all varieties of Plymouth Rocks. Also, with treatises on breeding, rearing, feeding, housing, conditioning for exhibitions, exhibiting--etc.,$ced. by A.C. Smith, illustrations by Franklane L. Sewell.
=260  \\$a[Buffalo]$bAmerican poultry Association$c[©1919]
=300  \\$a432 pages$billustrations$c21 cm
=336  \\$atext$btxt$2rdacontent
=337  \\$aunmediated$bn$2rdamedia
=338  \\$avolume$bnc$2rdacarrier
=591  \\$bNAL Reclamation
=593  \\$fAgricola CAT
=650  \0$aPlymouth Rock chicken.$0http://id.loc.gov/authorities/subjects/sh85103596
=655  \3$aInternet resource.
=700  1\$aSmith, Arthur Carlton,$eeditor.
=776  08$iOnline version:$aAmerican Poultry Association.$tPlymouth Rock standard and breed book.$d[Buffalo] American poultry Association [©1919]$w(OCoLC)748455721
=856  41$uhttps://archive.org/details/plymouthrockstan00amer_0
=912  \\$analcatalog
=930  \\$a20160526$b20160603$c00000000
=938  \\$aKirtas Technologies, Inc.$bKRTS$n676341
=939  \\$a20140702$b20140807$c00000000
=939  \\$a20041013$b20041101$c00000000
=945  \\$aDigiMet
=945  \\$p444
=946  \\$aOther US
=994  \\$a92$bAGL

