=LDR  01080cam a2200349I  4500
=001  9915464707807426
=005  20240620155131.0
=008  920621s1911\\\\inuaf\\\\\\\\\000\0\eng\d
=016  7\$aCAT10517591$2DNAL
=035  \\$a408440
=035  \\$a(OCoLC)18517007
=035  \\$a(DNAL)408440-naldb-Voyager
=040  \\$aRQI$beng$cRQI$dAGL$dOCLCF$dOCLCQ$dOCLCO
=049  \\$aRQIA
=070  0\$a47$bF53
=072  \0$aL100
=100  1\$aFishel, U. R.
=245  10$aPoultry for pleasure and profit.
=260  \\$aHope?, Ind.,$b[publisher not identified],$c1911.
=300  \\$a64 pages$billustrations, folded color plates$c28 cm
=336  \\$atext$btxt$2rdacontent
=337  \\$aunmediated$bn$2rdamedia
=338  \\$avolume$bnc$2rdacarrier
=591  \\$bNAL Reclamation
=593  \\$fAgricola CAT
=650  \0$aPoultry.$0http://id.loc.gov/authorities/subjects/sh85105892
=655  \3$aInternet resource.
=856  41$uhttps://archive.org/details/poultryforpleasu00fish
=912  \\$analcatalog
=930  \\$a20140702$b20140807$c00000000
=945  \\$aDigiMet
=945  \\$p78
=946  \\$aOther US
=994  \\$a92$bAGL

