=LDR  01904cam a2200433I  4500
=001  9915464711007426
=005  20240620155124.0
=008  920620s1911\\\\iluaf\\\\\\\\\000\0\eng\d
=010  \\$a   12020810 
=016  7\$aCAT10506886$2DNAL
=035  \\$a408468
=035  \\$a(OCoLC)07040392
=035  \\$a(DNAL)408468-naldb-Voyager
=040  \\$aTXA$beng$cTXA$dKFP$dOCL$dOCLCQ$dAGL$dUPM$dKRTAS$dOCLCF$dOCLCO$dOCLCQ
=049  \\$aRQIA
=050  00$aSF489.L5$bD8
=070  0\$a47$bD81S
=072  \0$aL200
=100  1\$aDrevenstedt, John Henry,$d1857-$eeditor.
=245  10$aStandard-bred leghorns,$bbrown, white, buff, black and silver duckwing; their origin and history and practical qualities; the standard requirements; how to mate and breed for best results; with a chapter on non-standard varieties; how to judge them; commercial leghorn egg farms.$cJ.H. Drevenstedt, editor; contributed to by the best known and most expert breeders and judges in America.
=246  3\$aLeghorns
=260  \\$aQuincy, Ill.,$bReliable Poultry Journal Pub. Co.$c[©1911]
=300  \\$a144 pages illustrations, color plates$c29 x 23 cm
=336  \\$atext$btxt$2rdacontent
=337  \\$aunmediated$bn$2rdamedia
=338  \\$avolume$bnc$2rdacarrier
=591  \\$bNAL Reclamation
=593  \\$fAgricola CAT
=650  \0$aLeghorn chicken.$0http://id.loc.gov/authorities/subjects/sh85075797
=655  \3$aInternet resource.
=776  08$iOnline version:$aDrevenstedt, John Henry, 1857-$tStandard-bred leghorns.$dQuincy, Ill., Reliable Poultry Journal Pub. Co. [©1911]$w(OCoLC)632316121
=856  41$uhttps://archive.org/details/standardbredlegh00drev_0
=912  \\$analcatalog
=930  \\$a20160525$b20160603$c00000000
=938  \\$aKirtas Technologies, Inc.$bKRTS$n681926
=939  \\$a20140702$b20140807$c00000000
=939  \\$a20060915$b20061003$c00000000
=945  \\$aDigiMet
=945  \\$p160
=946  \\$aOther US
=994  \\$a92$bAGL

