=LDR  01547cam a2200385M  4500
=001  9915464725807426
=005  20240620155128.0
=007  hd\bfa---baaa
=007  hd\afa---baca
=008  920621s1910\\\\cauac\\\a\\\\\000\0\eng\d
=016  7\$aCAT10517592$2DNAL
=035  \\$a408632
=035  \\$a(OCoLC)1289099892
=035  \\$a(DNAL)408632-naldb-Voyager
=040  \\$aAGL$beng$cAGL
=049  \\$aRQIA
=070  0\$a47$bB29
=072  \0$aL100
=100  1\$aBasley, A.,$cMrs.
=245  10$aWestern poultry book.$cby Mrs. A. Basley.
=260  \\$aLos Angeles, Cal.,$bMrs. A. Basley,$c1910.
=300  \\$a198 p.$billus. (incl. port.)$c23 cm.
=530  \\$aLibrary also holds microfilm. Berkeley, Calif.: University of California, Library Photographic Service, 1999. 1 microfilm reel ; 35 mm. (USAIN State and Local Preservation Project. California) (NAL call no.: Film 2887).
=530  \\$aLibrary also holds microfilm. Berkeley, Calif.: University of California, Library Photographic Service, 1999. 1 microfilm reel ; 35 mm. (USAIN State and Local Preservation Project. California) (NAL call no.: Film 2887)
=591  \\$bNAL Reclamation
=593  \\$fAgricola CAT
=650  \0$aPoultry$zWest (U.S.).
=655  \3$aInternet resource.
=830  \0$aUSAIN State and Local Literature Preservation Project.$pCalifornia.
=856  41$uhttps://archive.org/details/westernpoultrybo00basl_0
=912  \\$analcatalog
=930  \\$a20140702$b20140807$c00000000
=939  \\$a20060809$b20060906$c00000000
=945  \\$aDigiMet
=945  \\$p222
=946  \\$aOther US
=994  \\$a92$bAGL

