=LDR  01399cam a2200397I  4500
=001  9915464725907426
=005  20240620155133.0
=008  920620s1923\\\\caua\\\\\\\\\\000\0\eng\\
=010  \\$a   24003941 
=016  7\$aCAT10509300$2DNAL
=035  \\$a408169
=035  \\$a(OCoLC)14937779
=035  \\$a(DNAL)408169-naldb-Voyager
=040  \\$aDLC$beng$cIWA$dAGL$dOCLCF$dOCLCQ$dOCLCO
=049  \\$aRQIA
=050  00$aSF495$b.C55
=070  0\$a47$bC77I
=072  \0$aL200
=100  1\$aCook, Peter,$d1872-
=245  10$aIncubation;$ba working manual for large hatching plants,$cby P. Cook, M.A.
=260  \\$aLos Angeles, Calif.,$bThe Weimar Press$c[©1923]
=300  \\$a1 preliminary leaf, [5]-31 pages$billustrations$c23 cm
=336  \\$atext$btxt$2rdacontent
=337  \\$aunmediated$bn$2rdamedia
=338  \\$avolume$bnc$2rdacarrier
=591  \\$bNAL Reclamation
=593  \\$fAgricola CAT
=650  \0$aIncubators.$0http://id.loc.gov/authorities/subjects/sh85064807
=650  \0$aPoultry.$0http://id.loc.gov/authorities/subjects/sh85105892
=655  \3$aInternet resource.
=776  08$iOnline version:$aCook, Peter, 1872-$tIncubation.$dLos Angeles, Calif., The Weimar Press [©1923]$w(OCoLC)691036985
=856  41$uhttps://archive.org/details/incubationworkin00cook
=912  \\$analcatalog
=930  \\$a20140702$b20140807$c00000000
=945  \\$aDigiMet
=945  \\$p44
=946  \\$aOther US
=994  \\$a92$bAGL

