=LDR  02170cam a2200445I  4500
=001  9915464727607426
=005  20240624171437.0
=008  920620s1904\\\\nyua\\\\\\\\\\000\0\eng\\
=010  \\$a   04030613 
=016  7\$aCAT10508725$2DNAL
=035  \\$a408493
=035  \\$a(OCoLC)13818323
=035  \\$a(DNAL)408493-naldb-Voyager
=040  \\$aDLC$beng$cNRC$dOCLCQ$dAGL$dOCLCG$dOCLCE$dKRTAS$dOCLCF$dOCLCQ$dOCLCO
=049  \\$aRQIA
=050  00$aSF494$b.F5
=070  0\$a47$bF54F
=072  \0$aL500
=100  1\$aFiske, George B.$q(George Burnap),$d1868-$0http://id.loc.gov/authorities/names/no98117907
=245  10$aPoultry feeding and fattening, including preparation for market, special finishing methods, as practiced by American and foreign experts, handling broilers, capons, waterfowl, etc.$cby George B. Fiske.
=260  \\$aNew York,$bO. Judd Co.,$c1904.
=300  \\$aviii, 160 pages$billustrations$c19 cm
=336  \\$atext$btxt$2rdacontent
=337  \\$aunmediated$bn$2rdamedia
=338  \\$avolume$bnc$2rdacarrier
=591  \\$bNAL Reclamation
=593  \\$fAgricola CAT
=650  \0$aPoultry.$0http://id.loc.gov/authorities/subjects/sh85105892
=655  \3$aInternet resource.
=776  08$iOnline version:$aFiske, George B. (George Burnap), 1868-$tPoultry feeding and fattening, including preparation for market, special finishing methods, as practiced by American and foreign experts, handling broilers, capons, waterfowl, etc.$dNew York, O. Judd Co., 1904$w(OCoLC)441941764
=776  08$iOnline version:$aFiske, George B. (George Burnap), 1868-$tPoultry feeding and fattening, including preparation for market, special finishing methods, as practiced by American and foreign experts, handling broilers, capons, waterfowl, etc.$dNew York, O. Judd Co., 1904$w(OCoLC)609686928
=856  41$uhttps://archive.org/details/poultryfeedingfa00fisk_0
=912  \\$analcatalog
=930  \\$a20160526$b20160603$c00000000
=938  \\$aKirtas Technologies, Inc.$bKRTS$n676443
=939  \\$a20140702$b20140807$c00000000
=939  \\$a20130417$b20130503$c00000000
=945  \\$aDigiMet
=945  \\$p170
=946  \\$aOther US
=959  \\$c2013-04-17$essouder$gde
=994  \\$a92$bAGL

