=LDR  02281cam a2200517Ia 4500
=001  9915464728007426
=005  20240624171447.0
=008  920620s1951\\\\dcu\\\\\\b\\\f100\0\eng\c
=010  \\$aagr51000283 
=016  7\$aCAT10506454$2DNAL
=019  \\$a1248429591
=035  \\$a408115
=035  \\$a(OCoLC)06282336$z(OCoLC)1248429591
=035  \\$a(DNAL)408115-naldb-Voyager
=035  \\$z(OCoLC)1248429591
=040  \\$aU.S. Dept. of Agr. Libr.$beng$cCLE$dOCLCQ$dAGL$dUPM$dWIH$dOCLCA$dOCLCQ$dRIU$dOCLCF$dOCLCQ$dAGL$dCHUNN$dOCLCO
=049  \\$aAGLL
=050  00$aS544$b.A5 1949d
=070  0\$a1$bEx892C
=072  \0$aC200
=086  0\$aA 43.2:EX 8/5
=110  1\$aUnited States.$bExtension Service.$0http://id.loc.gov/authorities/names/n80120734
=245  10$aConference report on extension experiences around the world :$bWashington, D.C. May 16-20, 1949.
=246  30$aExtension experiences around the world
=260  \\$a[Washington, D.C.] :$bUnited States Department of Agriculture Extension Service and Office of Foreign Agricultural Relations,$c1951.
=300  \\$aiv, 208 pages ;$c24 cm
=336  \\$atext$btxt$2rdacontent
=337  \\$aunmediated$bn$2rdamedia
=338  \\$avolume$bnc$2rdacarrier
=504  \\$aIncludes bibliographical references (page 208).
=530  \\$aAlso issued online.
=591  \\$bNAL Reclamation
=593  \\$fAgricola CAT
=611  20$aConference on Extension Experiences Around the World$d(1949 :$cWashington, D.C.)
=650  \0$aAgricultural extension work.$0http://id.loc.gov/authorities/subjects/sh85002320
=655  \3$aInternet resource.
=710  1\$aUnited States.$bOffice of Foreign Agricultural Relations.$0http://id.loc.gov/authorities/names/n85271417
=776  08$iOnline version:$aUnited States. Extension Service.$tConference report on extension experiences around the world.$d[Washington] U.S. Dept. of Agriculture, Extension Service and Office of Foreign Agricultural Relations, 1951$w(OCoLC)595945024
=856  41$uhttp://archive.org/details/conferencereport00unit
=912  \\$analcatalog
=930  \\$a20210319$b00000000$c00000000
=945  \\$aDigiMet
=945  \\$p220
=946  \\$aUSDA
=959  \\$c2013-09-06$essouder$gurl
=959  \\$c2013-04-17$essouder$gde
=959  \\$c2021-03-19$ecsussman$gupgrade
=994  \\$a92$bAGL

