=LDR  01305cam a2200373I  4500
=001  9915464729807426
=005  20240620155133.0
=008  920621s191u\\\\ilua\\\\\\\\\\000\0\eng\d
=016  7\$aCAT10517628$2DNAL
=035  \\$a408838
=035  \\$a(OCoLC)18527632
=035  \\$a(DNAL)408838-naldb-Voyager
=040  \\$aRQI$beng$cRQI$dOCLCQ$dAGL$dOCLCQ$dOCLCF$dOCLCQ$dOCLCO
=049  \\$aRQIA
=070  0\$a47$bEt7
=072  \0$aL200
=100  1\$aEttinger, C. D.
=245  10$aMaples farm of Midlothian;$bspecialty breeders of white Plymouth Rocks of quality and usefulness.
=260  \\$a[Chicago],$b[Printed by R.R. Donnelley & Sons Co.],$c[191-?]
=300  \\$a30 pages, 1 leaf$billustrations$c26 cm
=336  \\$atext$btxt$2rdacontent
=337  \\$aunmediated$bn$2rdamedia
=338  \\$avolume$bnc$2rdacarrier
=591  \\$bNAL Reclamation
=593  \\$fAgricola CAT
=650  \0$aPlymouth Rock chicken.$0http://id.loc.gov/authorities/subjects/sh85103596
=650  \0$aPoultry$xBreeding.$0http://id.loc.gov/authorities/subjects/sh85105894
=655  \3$aInternet resource.
=856  41$uhttps://archive.org/details/maplesfarmofmidl00etti
=912  \\$analcatalog
=930  \\$a20140702$b20140807$c00000000
=939  \\$a20041013$b20041101$c00000000
=945  \\$aDigiMet
=945  \\$p44
=946  \\$aOther US
=994  \\$a92$bAGL

