=LDR  02279cam a2200541Ia 4500
=001  9915464733607426
=005  20240624171502.0
=008  920620s1940\\\\dcuabd\\\b\\\f000\0\eng\d
=010  \\$aagr40000500 
=016  7\$aCAT10561522$2DNAL
=019  \\$a2400632
=035  \\$a408546
=035  \\$a(OCoLC)31264482$z(OCoLC)2400632
=035  \\$a(DNAL)408546-naldb-Voyager
=035  \\$z(OCoLC)2400632
=040  \\$aORX$beng$cORX$dDXU$dONB$dAGL$dUPM$dWIH$dNOC$dOCLCQ$dOCLCF$dOCLCO$dOCLCA$dSFR$dNZ1$dKFH$dOCLCQ
=043  \\$an-us---
=049  \\$aRQIA
=050  00$aS441$b.A15 1940
=070  0\$a1$bAg84Tec
=072  \0$aX600
=086  0\$aA 36.2:T 22
=110  1\$aUnited States.$bDepartment of Agriculture.$bInterbureau Committee on Technology.
=245  10$aTechnology on the farm :$ba special report /$cby an Interbureau Committee and the Bureau of Agricultural Economics of the United States Department of Agriculture.
=260  \\$a[Washington, D.C.] :$bU.S. G.P.O.,$c1940.
=300  \\$axiii, 224 pages :$billustrations, charts, maps, tables ;$c26 cm
=336  \\$atext$btxt$2rdacontent
=337  \\$aunmediated$bn$2rdamedia
=338  \\$avolume$bnc$2rdacarrier
=504  \\$aIncludes bibliographical references.
=591  \\$bNAL Reclamation
=593  \\$fAgricola CAT
=650  \0$aAgriculture$zUnited States.$0http://id.loc.gov/authorities/subjects/sh85002470
=650  \0$aAgricultural engineering.$0http://id.loc.gov/authorities/subjects/sh85002313
=650  \0$aAgriculture$xEconomic aspects$zUnited States.
=651  \7$aUnited States.$2fast$0(OCoLC)fst01204155
=655  \3$aInternet resource.
=710  1\$aUnited States.$bBureau of Agricultural Economics.$0http://id.loc.gov/authorities/names/n80060900
=776  08$iOnline version:$aUnited States. Department of Agriculture. Interbureau Committee on Technology.$tTechnology on the farm.$d[Washington] U.S. Govt. Print. Off., 1940$w(OCoLC)596255991
=856  41$uhttp://archive.org/details/technologyonfar00unit
=912  \\$analcatalog
=930  \\$a20130906$b20131018$c00000000
=939  \\$a20130603$b20130705$c00000000
=945  \\$aDigiMet
=945  \\$p248
=946  \\$aUSDA
=959  \\$c2013-09-06$essouder$gurl
=959  \\$c2013-04-02$essouder$gap
=959  \\$c2013-06-03$ejgilbert$gde
=994  \\$a92$bAGL

