=LDR  02011cam a2200541Ia 4500
=001  9915465346507426
=005  20240624171530.0
=008  800401s1966\\\\paub\\\\\b\\\f000\0\eng\d
=016  7\$aCAT10227209$2DNAL
=019  \\$a220015378$a631126852
=035  \\$a193528
=035  \\$a(OCoLC)449838388$z(OCoLC)220015378$z(OCoLC)631126852
=035  \\$a(DNAL)193528-naldb-Voyager
=035  \\$z(OCoLC)220015378$z(OCoLC)631126852
=040  \\$aMNU$beng$cMNU$dNUI$dOCLCA$dPHA$dOCLCF$dOCLCQ$dSEA$dCOD$dOCLCO$dOCLCA$dAGM$dOCLCA$dAGL
=043  \\$an-us-nh
=049  \\$aAGLL
=070  \\$aA99.9$bF7622U no. 43
=072  \0$a4500
=086  0\$aA 13.79:NE-43
=100  1\$aLaPage, Wilbur F.$0http://id.loc.gov/authorities/names/n82010497
=245  10$aSuccess of campgrounds studied as guide to recreation planners /$c[Wilbur F. LaPage].
=260  \\$aUpper Darby, Pa. :$bNortheastern Forest Experiment Station, Forest Service, U.S. Dept. of Agriculture,$c1966.
=300  \\$a7 pages :$bmap ;$c25 cm.
=336  \\$atext$btxt$2rdacontent
=337  \\$aunmediated$bn$2rdamedia
=338  \\$avolume$bnc$2rdacarrier
=490  1\$aU.S. Forest Service research note ;$vNE-43
=504  \\$aIncludes bibliographical references (page 7).
=530  \\$aAlso available online.
=591  \\$bNAL Reclamation
=593  \\$fAgricola CAT
=650  \0$aOutdoor recreation$zNew Hampshire$xPlanning.
=650  \0$aCamp sites, facilities, etc.$zNew Hampshire.
=650  \3$acamping.
=650  \3$aoutdoor recreation.
=650  \3$aplanning.
=651  \7$aNew Hampshire.$2fast$0(OCoLC)fst01204318
=655  \3$aInternet resource.
=710  2\$aNortheastern Forest Experiment Station (Radnor, Pa.)
=830  \0$aU.S. Forest Service research note NE ;$v43.
=856  41$uhttps://archive.org/details/successofcampgro43lapa
=912  \\$analcatalog
=930  \\$a20140116$b00000000$c00000000
=945  \\$aDigiMet
=945  \\$p12
=946  \\$aUSDA
=959  \\$c2014-01-15$essouder$gurl
=959  \\$c2014-01-16$earojas$gap
=994  \\$a92$bAGL

