=LDR  01781cam a2200469 a 4500
=001  9915465356707426
=005  20240624171523.0
=008  800401s1965\\\\oru\\\\\\b\\\f000\0\eng\d
=016  7\$aCAT10227098$2DNAL
=019  \\$a1039838355$a1231744558
=035  \\$a193204
=035  \\$a(OCoLC)58813706$z(OCoLC)1039838355$z(OCoLC)1231744558
=035  \\$a(DNAL)193204-naldb-Voyager
=035  \\$z(OCoLC)1039838355$z(OCoLC)1231744558
=040  \\$aORE$beng$cORE$dOCL$dOCLCA$dMTG$dOCLCF$dOCLCO$dOCLCQ$dAGM$dWURST$dOCLCQ$dAGL
=049  \\$aAGLL
=050  \0$aSD143$b.U51 no.30
=070  \\$aA99.9$bF7625U no. 30
=072  \0$a4500
=086  0\$aA 13.79:PNW-30
=100  1\$aJohnson, Floyd Alfred,$d1911-
=245  10$aSample sizes for timber cruises /$cby Floyd A. Johnson.
=260  \\$aPortland, Or. :$bPacific Northwest Forest and Range Experiment Station, U.S. Dept. of Agriculture,$c[1965]
=300  \\$a10 pages ;$c28 cm
=336  \\$atext$btxt$2rdacontent
=337  \\$aunmediated$bn$2rdamedia
=338  \\$avolume$bnc$2rdacarrier
=490  1\$aU.S. Forest Service research note PNW ;$v30
=504  \\$aIncludes bibliographical references.
=591  \\$bNAL Reclamation
=593  \\$fAgricola CAT
=650  \0$aForests and forestry$xMeasurement.$0http://id.loc.gov/authorities/subjects/sh85050716
=650  \3$asampling.
=655  \3$aInternet resource.
=710  2\$aPacific Northwest Forest and Range Experiment Station (Portland, Or.)$0http://id.loc.gov/authorities/names/n80126131
=830  \0$aU.S. Forest Service research note PNW ;$v30.
=856  41$uhttps://archive.org/details/samplesizesforti30john
=912  \\$analcatalog
=930  \\$a20140506$b00000000$c00000000
=945  \\$aDigiMet
=945  \\$p14
=946  \\$aUSDA
=959  \\$c2014-05-06$earojas$gap
=994  \\$a92$bAGL

