=LDR  02053cam a2200541Ia 4500
=001  9915465365407426
=005  20240624171526.0
=008  800401s1950\\\\wiua\\\j\b\\\f000\0\eng\d
=016  7\$aCAT10252054$2DNAL
=035  \\$a193570
=035  \\$a(OCoLC)03972803
=035  \\$a(DNAL)193570-naldb-Voyager
=040  \\$aLDL$beng$cLDL$dOCL$dAGL$dOCLCQ$dOCLCG$dMUU$dOCLCQ$dOCLCF$dOCLCQ$dOCLCO$dAGM
=043  \\$an-us-ia
=049  \\$aAGLL
=050  \0$aQE581$b.G688x
=070  \\$a1.96$bAd6Tp no. 97
=072  \0$a8500
=086  0\$aA 57.15:97
=100  1\$aGottschalk, L. C.
=245  10$aSediment design criteria for the Missouri basin loess hills /$cby L.C. Gottschalk and Gunnar M. Brune.
=260  \\$a[Milwaukee, Wis.] :$bU.S. Dept. of Agriculture, Soil Conservation Service,$c1950.
=300  \\$a21 pages, [12] leaves (7 folded) :$billustrations ;$c27 cm.
=336  \\$atext$btxt$2rdacontent
=337  \\$aunmediated$bn$2rdamedia
=338  \\$avolume$bnc$2rdacarrier
=490  1\$aSCS-TP ;$v97
=504  \\$aIncludes bibliographical references (page 21).
=591  \\$bNAL Reclamation
=593  \\$fAgricola CAT
=650  \0$aSedimentation and deposition.$0http://id.loc.gov/authorities/subjects/sh85119506
=650  \0$aErosion.$0http://id.loc.gov/authorities/subjects/sh85044667
=650  \0$aWatersheds$zIowa.$0http://id.loc.gov/authorities/subjects/sh93001427
=651  \1$aLittle Sioux River watershed, Iowa.
=650  \3$awatersheds.
=651  \3$aIowa.
=651  \7$aIowa.$2fast$0(OCoLC)fst01205835
=655  \3$aInternet resource.
=700  1\$aBrune, Gunnar M.,$d1914-$0http://id.loc.gov/authorities/names/n81089345
=710  1\$aUnited States.$bSoil Conservation Service.$0http://id.loc.gov/authorities/names/n78085479
=830  \0$aSCS-TP ;$v97.
=856  41$uhttps://archive.org/details/sedimentdesigncr97gott
=912  \\$analcatalog
=930  \\$a20140702$b20140807$c00000000
=939  \\$a20130117$b20130201$c00000000
=945  \\$aDigiMet
=945  \\$p90
=946  \\$aUSDA
=959  \\$c2013-01-17$edcollins$gap
=994  \\$a92$bAGL

