=LDR  01080cam a2200337M  4500
=001  9915465366607426
=005  20240624171527.0
=008  800401s1965\\\\aku\\\\\\\\\\\000\0\eng\d
=016  7\$aCAT10227198$2DNAL
=035  \\$a193495
=035  \\$a(OCoLC)1289072526
=035  \\$a(DNAL)193495-naldb-Voyager
=040  \\$aAGL$beng$cAGL
=049  \\$aAGLL
=070  \\$aA99.9$bF7672U no. 11
=072  \0$a4500
=100  1\$aLaBau, Vernon J.
=245  13$aAn aerial photo scale-protractor.
=260  \\$aJuneau,$c1965.
=300  \\$a[2] p.
=490  1\$aU.S. Forest Service. Northern Forest Experiment Station. U.S. Forest Service research note NOR-11
=591  \\$bNAL Reclamation
=593  \\$fAgricola CAT
=655  \3$aInternet resource.
=810  2\$aUnited States.$bForest Service.$bNorthern Forest Experiment Station.$tU.S. Forest Service research note NOR.$v11.
=856  41$uhttps://archive.org/details/aerialphotoscale11laba
=912  \\$analcatalog
=930  \\$a20140703$b00000000$c00000000
=945  \\$aDigiMet
=945  \\$p6
=946  \\$aUSDA
=959  \\$c2014-07-03$earojas$gap
=994  \\$a92$bAGL

