=LDR  01757cam a2200457Ia 4500
=001  9915465371007426
=005  20240620155042.0
=008  800401s1967\\\\utu\\\\\\b\\\f000\0\eng\d
=016  7\$aCAT10239541$2DNAL
=035  \\$a193283
=035  \\$a(OCoLC)32180116
=035  \\$a(DNAL)193283-naldb-Voyager
=040  \\$aSDB$beng$cSDB$dNUI$dOCLCQ$dOCLCF$dOCLCQ$dSEA$dAGM$dOCLCA$dAGL
=043  \\$an-us-mt
=049  \\$aAGLL
=070  \\$aA99.9$bF764Un no. 69
=072  \0$a4500
=086  0\$aA 13.79:INT-69
=100  1\$aLotan, James E.$c(Forester)$0http://id.loc.gov/authorities/names/n79023571
=245  10$aEleven-year results of strip-thinning by bulldozer in thirty-year-old lodgepole pine /$cby James E. Lotan.
=260  \\$aOgden, Utah :$bU.S. Dept. of Agriculture, Forest Service, Intermountain Forest & Range Experiment Station,$c1967.
=300  \\$a6 pages ;$c27 cm.
=336  \\$atext$btxt$2rdacontent
=337  \\$aunmediated$bn$2rdamedia
=338  \\$avolume$bnc$2rdacarrier
=490  1\$aU.S. Forest Service research note INT ;$v69
=504  \\$aIncludes bibliographical references.
=591  \\$bNAL Reclamation
=593  \\$fAgricola CAT
=650  \0$aForest thinning$zMontana$xEquipment and supplies.
=650  \0$aLodgepole pine$xThinning$zMontana.
=650  \3$aPinus contorta.
=651  \7$aMontana.$2fast$0(OCoLC)fst01207555
=655  \3$aInternet resource.
=710  2\$aIntermountain Forest and Range Experiment Station (Ogden, Utah)$0http://id.loc.gov/authorities/names/n79062786
=830  \0$aU.S. Forest Service research note INT ;$v69.
=856  41$uhttps://archive.org/details/elevenyearresult69lota
=912  \\$analcatalog
=930  \\$a20140604$b00000000$c00000000
=945  \\$aDigiMet
=945  \\$p12
=946  \\$aUSDA
=994  \\$a92$bAGL

