=LDR  01953cam a2200481Ia 4500
=001  9915465371107426
=005  20240620155046.0
=008  800401s1967\\\\utua\\\\\b\\\f000\0\eng\d
=016  7\$aCAT10239452$2DNAL
=035  \\$a193024
=035  \\$a(OCoLC)32180189
=035  \\$a(DNAL)193024-naldb-Voyager
=040  \\$aSDB$beng$cSDB$dAGL$dNUI$dOCLCQ$dOCLCF$dAGM
=049  \\$aAGLL
=070  \\$aA99.9$bF764Un no. 63
=072  \0$a4500
=086  0\$aA 13.79:INT-63
=100  1\$aKotok, Edward S.
=245  10$aTree characteristics influence 2 x 4 stud yield of lodgepole pine /$cE.S. Kotok.
=260  \\$aOgden, Utah :$bU.S. Dept. of Agriculture, Forest Service, Intermountain Forest & Range Experiment Station,$c1967.
=300  \\$a8 pages :$billustrations ;$c27 cm.
=336  \\$atext$btxt$2rdacontent
=337  \\$aunmediated$bn$2rdamedia
=338  \\$avolume$bnc$2rdacarrier
=490  1\$aU.S. Forest Service research note INT ;$v63
=504  \\$aIncludes bibliographical references.
=591  \\$bNAL Reclamation
=593  \\$fAgricola CAT
=650  \0$aLodgepole pine$xQuality.
=650  \0$aLodgepole pine$xGrading.
=650  \0$aLumber.$0http://id.loc.gov/authorities/subjects/sh85078804
=650  \3$aPinus contorta.
=650  \3$alumber.
=655  \3$aInternet resource.
=710  2\$aIntermountain Forest and Range Experiment Station (Ogden, Utah)$0http://id.loc.gov/authorities/names/n79062786
=776  08$iOnline version:$aKotok, Edward S.$tTree characteristics influence 2 x 4 stud yield of lodgepole pine.$dOgden, Utah : U.S. Dept. of Agriculture, Forest Service, Intermountain Forest & Range Experiment Station, 1967$w(OCoLC)630470326
=830  \0$aU.S. Forest Service research note INT ;$v63.
=856  41$uhttps://archive.org/details/treecharacterist63koto
=912  \\$analcatalog
=930  \\$a20140603$b00000000$c00000000
=939  \\$a20081027$b20081101$c00000000
=945  \\$aDigiMet
=945  \\$p12
=946  \\$aUSDA
=994  \\$a92$bAGL

