=LDR  01843cam a2200505Ia 4500
=001  9915465376907426
=005  20240624171525.0
=008  800401s1967\\\\pauab\\\\\\\\f000\0\eng\d
=016  7\$aCAT10239497$2DNAL
=035  \\$a193155
=035  \\$a(OCoLC)311566896
=035  \\$a(DNAL)193155-naldb-Voyager
=040  \\$aMTG$beng$cMTG$dMTG$dNUI$dOCLCA$dOCLCF$dOCLCQ$dSEA$dCOD$dOCLCO$dOCLCA$dAGM$dOCLCA$dAGL
=049  \\$aAGLL
=070  \\$aA99.9$bF7622U no. 59
=072  \0$a7500
=086  0\$aA 13.79:NE-59
=100  1\$aLaPage, Wilbur F.$0http://id.loc.gov/authorities/names/n82010497
=245  10$aCamper characteristics differ at public and commercial campgrounds in New England /$c[Wilbur F. LaPage].
=260  \\$aUpper Darby, Pa. :$bNortheastern Forest Experiment Station, Forest Service, U.S. Dept. of Agriculture,$c1967.
=300  \\$a8 pages :$billustrations, map ;$c25 cm.
=336  \\$atext$btxt$2rdacontent
=337  \\$aunmediated$bn$2rdamedia
=338  \\$avolume$bnc$2rdacarrier
=490  1\$aU.S. Forest Service research note ;$vNE-59
=530  \\$aAlso available online.
=591  \\$bNAL Reclamation
=593  \\$fAgricola CAT
=650  \0$aCampers (Persons)$zNew England.
=650  \0$aCamp sites, facilities, etc.$zNew England.
=650  \3$acamping.
=650  \3$aoutdoor recreation.
=650  \3$abehavior.
=650  \3$asurveys.
=651  \7$aNew England.$2fast$0(OCoLC)fst01241913
=655  \3$aInternet resource.
=710  2\$aNortheastern Forest Experiment Station (Radnor, Pa.)
=830  \0$aU.S. Forest Service research note NE ;$v59.
=856  41$uhttps://archive.org/details/campercharacteri59lapa
=912  \\$analcatalog
=930  \\$a20140116$b00000000$c00000000
=945  \\$aDigiMet
=945  \\$p12
=946  \\$aUSDA
=959  \\$c2014-01-15$essouder$gurl
=959  \\$c2014-01-16$earojas$gap
=994  \\$a92$bAGL

