=LDR  01714cam a2200469Ia 4500
=001  9915465380707426
=005  20240624171522.0
=008  800401s1957\\\\dcua\\\\\b\\\f000\0\eng\d
=016  7\$aCAT10252114$2DNAL
=035  \\$a193747
=035  \\$a(OCoLC)07450713
=035  \\$a(DNAL)193747-naldb-Voyager
=040  \\$aCOF$beng$cCOF$dOCL$dOCLCQ$dOCLCG$dOCLCQ$dOCLCA$dOCLCF$dOCLCQ$dOCLCO$dAGM$dOCL$dKUK$dAGL
=043  \\$an-usp--
=049  \\$aAGLL
=070  \\$a1.96$bAd6Tp no. 128
=072  \0$a7000
=086  0\$aA 57.15:128
=100  1\$aHafenrichter, A. L.$q(Atlee Lawrence),$d1897-1973.$0http://id.loc.gov/authorities/names/no98099786
=245  10$aManagement to increase forage production in the West /$cby A.L. Hafenrichter.
=260  \\$a[Washington, D.C.?] :$bU.S. Dept. of Agriculture, Soil Conservation Service,$c1957.
=300  \\$a16 pages :$billustrations ;$c27 cm.
=336  \\$atext$btxt$2rdacontent
=337  \\$aunmediated$bn$2rdamedia
=338  \\$avolume$bnc$2rdacarrier
=490  1\$aSCS-TP ;$v128
=504  \\$aIncludes bibliographical references (pages 15-16).
=591  \\$bNAL Reclamation
=593  \\$fAgricola CAT
=650  \0$aForage plants$zWest (U.S.).
=650  \3$arange management.
=651  \3$aWestern United States.
=651  \7$aWest United States.$2fast$0(OCoLC)fst01243255
=655  \3$aInternet resource.
=710  1\$aUnited States.$bSoil Conservation Service.$0http://id.loc.gov/authorities/names/n78085479
=830  \0$aSCS-TP ;$v128.
=856  41$uhttps://archive.org/details/managementtoincr128hafe
=912  \\$analcatalog
=930  \\$a20140703$b20140807$c00000000
=945  \\$aDigiMet
=945  \\$p20
=946  \\$aUSDA
=959  \\$c2014-07-03$earojas$gap
=994  \\$a92$bAGL

