=LDR  01345cam a2200385M  4500
=001  9915465385407426
=005  20240624171530.0
=008  800401s1966\\\\dcu\\\\\\\\\\\000\0\eng\d
=016  7\$aCAT10227299$2DNAL
=035  \\$a193793
=035  \\$a(OCoLC)1289022764
=035  \\$a(DNAL)193793-naldb-Voyager
=040  \\$aAGL$beng$cAGL
=049  \\$aAGLL
=070  \\$aA381$bR31Ab no. 33
=072  \0$a1500
=100  1\$aMcCready, Rolland Martin,$d1915-
=245  10$aBibliography of research on utilization of sugar beets 1949-1965, in the Western Utilization Research and Development Division$c[prepared by R. M. McCready.
=260  \\$aWashington]$c1966.
=300  \\$a27 p.$c27 cm.
=490  1\$aU.S. Agricultural Research Service. ARS 74-33
=591  \\$bNAL Reclamation
=593  \\$fAgricola CAT
=650  \0$aSugar beet$xUtilization$xBibliography.
=650  \0$aSugar beet$xUtilization$xAbstracts.
=655  \3$aInternet resource.
=710  1\$aUnited States.$bAgricultural Research Service.$bWestern Utilization Research and Development Division.
=830  \0$aARS 74 ;$v33.
=856  41$uhttps://archive.org/details/bibliographyofre7433mccr
=912  \\$analcatalog
=930  \\$a20140116$b20140207$c00000000
=945  \\$aDigiMet
=945  \\$p32
=946  \\$aUSDA
=959  \\$c2014-01-15$essouder$gurl
=959  \\$c2014-01-16$earojas$gap
=994  \\$a92$bAGL

