=LDR  01656cam a2200457Ma 4500
=001  9915465397707426
=005  20240624171532.0
=008  800401s1966\\\\dcu\\\\\\\\\\f000\0\eng\d
=016  7\$aCAT10227232$2DNAL
=035  \\$a193596
=035  \\$a(OCoLC)225398607
=035  \\$a(DNAL)193596-naldb-Voyager
=040  \\$aAU@$beng$cAU@$dOCLCF$dOCLCO$dOCLCQ$dOCLCA$dAGL
=043  \\$an-us-ma$an-us---
=049  \\$aAGLL
=070  \\$aA280.29$bF22 no. 78
=072  \0$a1500
=100  1\$aLibeau, Clayton P.
=245  10$aEgg pricing for the Boston egg market structure /$cby Clayton P. Libeau.
=260  \\$a[Washington, D.C.] :$bFarmer Cooperative Service, United States Department of Agriculture,$c1966.
=300  \\$a24 pages ;$c26 cm.
=336  \\$atext$btxt$2rdacontent
=337  \\$aunmediated$bn$2rdamedia
=338  \\$avolume$bnc$2rdacarrier
=490  0\$aFarmer Cooperative Service report ;$v78
=591  \\$bNAL Reclamation
=593  \\$fAgricola CAT
=650  \0$aEggs$xPrices$zMassachusetts.
=650  \0$aEgg trade$zMassachusetts.
=650  \0$aAgriculture, Cooperative$zUnited States.
=651  \7$aMassachusetts.$2fast$0(OCoLC)fst01204307
=651  \7$aUnited States.$2fast$0(OCoLC)fst01204155
=655  \3$aInternet resource.
=710  1\$aUnited States.$bFarmer Cooperative Service.$0http://id.loc.gov/authorities/names/n79086753
=830  \0$aService report (United States. Farmer Cooperative Service) ;$v78.
=856  41$uhttps://archive.org/details/eggpricingforbos78libe
=912  \\$analcatalog
=930  \\$a20140306$b20140404$c00000000
=945  \\$aDigiMet
=945  \\$p36
=946  \\$aUSDA
=959  \\$c2014-03-06$earojas$gap
=994  \\$a92$bAGL

