=LDR  02489cam a2200529Ia 4500
=001  9915465399307426
=005  20240624171533.0
=008  800401s1966\\\\orua\\\\\b\\\f000\0\eng\d
=016  7\$aCAT10227097$2DNAL
=019  \\$a1039868491$a1231769670
=035  \\$a193201
=035  \\$a(OCoLC)44911460$z(OCoLC)1039868491$z(OCoLC)1231769670
=035  \\$a(DNAL)193201-naldb-Voyager
=035  \\$z(OCoLC)1039868491$z(OCoLC)1231769670
=040  \\$aZ@7$beng$cZ@7$dOCLCQ$dMTG$dOCLCF$dOCLCQ$dOCLCO$dSEA$dAGM$dWURST$dAGL
=049  \\$aAGLL
=070  \\$aA99.9$bF7625U no. 34
=072  \0$a4500
=086  0\$aA 13.79:PNW-34
=100  1\$aJohnson, Floyd A.
=245  10$aBark factors for Douglas-fir /$cby Floyd A. Johnson.
=260  \\$aPortland, Or. :$bPacific Northwest Forest and Range Experiment Station, U.S. Dept. of Agriculture,$c[1966]
=300  \\$a3 pages :$billustrations ;$c27 cm.
=336  \\$atext$btxt$2rdacontent
=337  \\$aunmediated$bn$2rdamedia
=338  \\$avolume$bnc$2rdacarrier
=490  1\$aU.S. Forest Service research note PNW ;$v34
=504  \\$aIncludes bibliographical reference.
=520  \\$a"Recent emphasis on the measurement of upper stem tree diameters with optical dendrometers has directed attention to procedures for converting these outside-bark diameters to inside-bark diameters. One procedure that has been used requires an assumption that the ratio of diameter inside bark to diameter outside bark (henceforth called bark factor) remains the same up the stem. If this is true, bark factor measured at some reachable point on the lower stem (e.g., 4.5 feet) could be applied to diameter outside bark at any point on the upper stem to estimate diameter inside bark at that point."
=591  \\$bNAL Reclamation
=593  \\$fAgricola CAT
=650  \0$aDouglas fir.$0http://id.loc.gov/authorities/subjects/sh85039200
=650  \0$aBark$xMeasurement.
=650  \3$aPseudotsuga menziesii.
=650  \3$abark.
=650  \3$adiameter.
=651  \3$aOregon.
=651  \3$aWashington (state)
=655  \3$aInternet resource.
=710  2\$aPacific Northwest Forest and Range Experiment Station (Portland, Or.)$0http://id.loc.gov/authorities/names/n80126131
=830  \0$aU.S. Forest Service research note PNW ;$v34.
=856  41$uhttps://archive.org/details/barkfactorsfordo34john
=912  \\$analcatalog
=930  \\$a20140506$b00000000$c00000000
=945  \\$aDigiMet
=945  \\$p8
=946  \\$aUSDA
=959  \\$c2014-05-06$earojas$gap
=994  \\$a92$bAGL

