=LDR  02043cam a2200553Ia 4500
=001  9915465412607426
=005  20240624171531.0
=008  800401s1967\\\\paua\\\\\b\\\f000\0\eng\d
=016  7\$aCAT10239534$2DNAL
=035  \\$a193263
=035  \\$a(OCoLC)311564965
=035  \\$a(DNAL)193263-naldb-Voyager
=040  \\$aMTG$beng$cMTG$dMTG$dNUI$dOCLCA$dOCLCF$dOCLCQ$dSEA$dCOD$dOCLCA$dOCL$dAGM$dOCLCA$dAGL
=043  \\$an-us-nj$an-us-md
=049  \\$aAGLL
=050  \0$aSD11$b.A4550 NE-58
=070  \\$aA99.9$bF7622U no. 58
=072  \0$a4500
=086  0\$aA 13.79:NE-58
=100  1\$aLittle, Silas.$0http://id.loc.gov/authorities/names/n79078728
=245  10$aTreatments needed to regenerate yellow-poplar in New Jersey and Maryland /$c[S. Little].
=260  \\$aUpper Darby, Pa. :$bNortheastern Forest Experiment Station, Forest Service, U.S. Dept. of Agriculture,$c1967.
=300  \\$a8 pages :$billustrations ;$c25 cm.
=336  \\$atext$btxt$2rdacontent
=337  \\$aunmediated$bn$2rdamedia
=338  \\$avolume$bnc$2rdacarrier
=490  1\$aU.S. Forest Service research note ;$vNE-58
=504  \\$aIncludes bibliographical references (page 8).
=530  \\$aAlso available online.
=591  \\$bNAL Reclamation
=593  \\$fAgricola CAT
=650  \0$aLiriodendron tulipifera$xRegeneration$zNew Jersey.
=650  \0$aLiriodendron tulipifera$xRegeneration$zMaryland.
=650  \3$aLiriodendron tulipifera.
=650  \3$aseedbed preparation.
=651  \3$aNew Jersey.
=651  \3$aMaryland.
=651  \7$aMaryland.$2fast$0(OCoLC)fst01204739
=651  \7$aNew Jersey.$2fast$0(OCoLC)fst01208379
=655  \3$aInternet resource.
=710  2\$aNortheastern Forest Experiment Station (Radnor, Pa.)
=830  \0$aU.S. Forest Service research note NE ;$v58.
=856  41$uhttps://archive.org/details/treatmentsneeded58litt
=912  \\$analcatalog
=930  \\$a20140116$b00000000$c00000000
=945  \\$aDigiMet
=945  \\$p12
=946  \\$aUSDA
=959  \\$c2014-01-15$essouder$gurl
=959  \\$c2014-01-16$earojas$gap
=994  \\$a92$bAGL

