=LDR  01969cam a2200553Ma 4500
=001  9915465420607426
=005  20240624171522.0
=008  800401s1965\\\\ohua\\\\\\\\\f000\0\eng\d
=016  7\$aCAT10227296$2DNAL
=035  \\$a193784
=035  \\$a(OCoLC)62694607
=035  \\$a(DNAL)193784-naldb-Voyager
=040  \\$aMNU$beng$cMNU$dMTG$dOCLCO$dOCLCQ$dCOD$dOCLCF$dOCLCA$dAGM$dOCLCA$dAGL
=049  \\$aAGLL
=050  \0$aSD11$b.F7629 no.43
=070  \\$aA99.9$bF7629 no. 43
=072  \0$a4500
=086  0\$aA 13.79:CS-43
=100  1\$aMcCauley, Orris D.$0http://id.loc.gov/authorities/names/no97014160
=245  10$aCause and cost of production delay at hardwood circular sawmills in Kentucky and Ohio /$c[Orris D. McCauley].
=260  \\$aColumbus, Ohio. :$bCentral States Forest Experiment Station,$c1965.
=300  \\$a4 pages :$billustrations ;$c23 cm.
=336  \\$atext$btxt$2rdacontent
=337  \\$aunmediated$bn$2rdamedia
=338  \\$avolume$bnc$2rdacarrier
=490  1\$aResearch note CS ;$v43
=591  \\$bNAL Reclamation
=593  \\$fAgricola CAT
=650  \0$aSawmills$zKentucky.
=650  \0$aSawmills$zOhio.
=650  \0$aHardwood industry$zKentucky.
=650  \0$aHardwood industry$zOhio.
=650  \3$alumber.
=651  \3$aKentucky.
=651  \3$aOhio.
=651  \7$aKentucky.$2fast$0(OCoLC)fst01204494
=651  \7$aOhio.$2fast$0(OCoLC)fst01205075
=655  \3$aInternet resource.
=710  1\$aUnited States.$bDepartment of Agriculture.
=710  2\$aCentral States Forest Experiment Station (Columbus, Ohio)$0http://id.loc.gov/authorities/names/n50082298
=830  \0$aU.S. Forest Service research note CS ;$v43.
=856  41$uhttps://archive.org/details/causecostofprodu43mcca
=912  \\$analcatalog
=930  \\$a20140305$b20140404$c00000000
=939  \\$a20130104$b20130201$c00000000
=945  \\$aDigiMet
=945  \\$p10
=946  \\$aUSDA
=959  \\$c2011-10-14$essouder$gde
=959  \\$c2013-01-04$ejgilbert$glf
=994  \\$a92$bAGL

