=LDR  01771cam a2200421 a 4500
=001  9915465646207426
=005  20240620141920.0
=008  980514s1958\\\\dcua\\\\\\\\\\000\0\eng\\
=016  7\$aCAT10847645$2DNAL
=035  \\$a813789
=035  \\$a(OCoLC)39120359
=035  \\$a(DNAL)813789-naldb-Voyager
=040  \\$aAGL$beng$cAGL$dOCLCQ$dOCLCO$dOCLCA$dOCLCF$dOCLCQ$dOCLCA$dOCLCQ$dAGL
=049  \\$aAGLL
=070  0\$a1$bAg84M no.708 1958
=072  \0$aE700
=245  00$aMarketing costs for food.
=250  \\$aRev. Mar. 1958.
=260  \\$aWashington, D.C. :$bU.S. Dept. of Agriculture, Agricultural Marketing Service,$c[1958]
=300  \\$a13, [1] pages :$billustrations ;$c23 cm
=336  \\$atext$btxt$2rdacontent
=337  \\$aunmediated$bn$2rdamedia
=338  \\$avolume$bnc$2rdacarrier
=490  1\$aMiscellaneous publication / United States Department of Agriculture ;$vno. 708
=591  \\$bNAL Reclamation
=593  \\$fAgricola CAT
=650  \0$aAgricultural prices.$0http://id.loc.gov/authorities/subjects/sh85002394
=650  \0$aFarm produce$xMarketing.$0http://id.loc.gov/authorities/subjects/sh85047242
=655  \3$aInternet resource.
=710  1\$aUnited States.$bAgricultural Marketing Service.$0http://id.loc.gov/authorities/names/n79108924
=776  08$iOnline version:$tMarketing costs for food.$bRev. Mar. 1958.$dWashington, D.C. : U.S. Dept. of Agriculture, Agricultural Marketing Service, [1958]$w(OCoLC)985971529
=830  \0$aMiscellaneous publication (United States. Department of Agriculture) ;$vno. 708.
=856  41$uhttps://archive.org/details/marketingcostsfo708unit
=912  \\$analcatalog
=930  \\$a20140305$b20140404$c00000000
=939  \\$a19980531$b19980605$c00000000
=945  \\$aDigiMet
=945  \\$p22
=946  \\$aUSDA
=994  \\$a92$bAGL

