=LDR  02067cam a2200541Ia 4500
=001  9915466947807426
=005  20240624173015.0
=008  920620s1922\\\\nyuaf\\\\\\\\\001\0\eng\\
=010  \\$a   22012247 
=016  7\$aCAT10508259$2DNAL
=019  \\$a807039376
=035  \\$a415157
=035  \\$a(OCoLC)12349384$z(OCoLC)807039376
=035  \\$a(DNAL)415157-naldb-Voyager
=035  \\$z(OCoLC)807039376
=040  \\$aDLC$beng$cLNS$dAGL$dAAA$dOCLCE$dKRTAS$dAGL$dOCLCQ$dOCLCO$dOCLCF
=049  \\$aAGLL
=050  10$aSF487$b.R54
=070  0\$aSF487$b.R532 1922
=100  1\$aRichardson, A. W.$q(Alton Willard),$d1882-
=245  10$aPoultry /$cby A.W. Richardson.
=260  \\$aNew York and London :$bHarper & Brothers Publishers,$cMCMXXII (1922)
=300  \\$a72, xii, 73-152 pages :$billustrations ;$c20 cm.
=336  \\$atext$btxt$2rdacontent
=337  \\$aunmediated$bn$2rdamedia
=338  \\$avolume$bnc$2rdacarrier
=490  1\$aHarper's handbooks
=590  \\$aRare and Special Collections' copy is part of the James M. Gwin Poultry Book Collection.
=591  \\$bNAL Reclamation
=593  \\$fAgricola CAT
=650  \0$aPoultry farms$xManagement.
=650  \0$aPoultry$xHousing$xDesign and construction.
=650  \0$aPoultry$xFeeding and feeds.$0http://id.loc.gov/authorities/subjects/sh85105899
=650  \0$aPoultry$xDiseases$xTreatment.
=650  \0$aPoultry$xBreeding$xSelection.
=650  \0$aPoultry$xMarketing.$0http://id.loc.gov/authorities/subjects/sh85105906
=655  \3$aInternet resource.
=776  08$iOnline version:$aRichardson, Alton Willard, 1882-$tPoultry.$dNew York and London, Harper & Brothers, 1922$w(OCoLC)441939416
=830  \0$aHarper's handbooks
=856  41$uhttps://archive.org/details/poultry00rich
=912  \\$analcatalog
=930  \\$a20160601$b20160603$c00000000
=938  \\$aKirtas Technologies, Inc.$bKRTS$n676430
=939  \\$a20140702$b20140807$c00000000
=939  \\$a20110810$b20110902$c00000000
=945  \\$aDigiMet
=945  \\$p186
=946  \\$aOther US
=959  \\$c2011-08-10$emlydon$gupgrade
=994  \\$a92$bAGL

