=LDR  01688cam a22004571  4500
=001  9915466952807426
=005  20240624173014.0
=008  920620s1907\\\\mau\\\\\\\\\\\000\0\eng\\
=010  \\$a   07038997 
=016  7\$aCAT10506721$2DNAL
=035  \\$a415152
=035  \\$a(OCoLC)06477277
=035  \\$a(DNAL)415152-naldb-Voyager
=040  \\$aDLC$beng$cDLC$dDLC$dAGL$dKRTAS$dOCLCF$dTXA$dOCLCO$dOCLCQ
=049  \\$aRQIA
=050  00$aSF995$b.R65
=070  0\$a47$bR56C
=072  \0$aL800
=100  1\$aRobinson, John H.$q(John Henry),$d1863-1935.$0http://id.loc.gov/authorities/names/no99005654
=245  10$aCommon-sense poultry doctor.$cBy John H. Robinson ...
=260  \\$aBoston, Mass.,$bFarm-poultry Publishing Co.,$c1907.
=300  \\$a176 pages$c20 cm.
=336  \\$atext$btxt$2rdacontent
=337  \\$aunmediated$bn$2rdamedia
=338  \\$avolume$bnc$2rdacarrier
=490  0\$aFarm-poultry series,$vno. 10
=530  \\$aAlso available in digital form.
=591  \\$bNAL Reclamation
=593  \\$fAgricola CAT
=650  \0$aPoultry$xDiseases.$0http://id.loc.gov/authorities/subjects/sh85105896
=655  \3$aInternet resource.
=776  08$iOnline version:$aRobinson, John H. (John Henry), 1863-1935.$tCommon-sense poultry doctor.$dBoston, Mass., Farm-poultry Publishing Co., 1907$w(OCoLC)798506389
=856  41$uhttps://archive.org/details/commonsensepoult00robi_0
=912  \\$analcatalog
=930  \\$a20160524$b20160603$c00000000
=938  \\$aKirtas Technologies, Inc.$bKRTS$n824568
=939  \\$a20140702$b20140807$c00000000
=939  \\$a20120911$b20121009$c00000000
=945  \\$aDigiMet
=945  \\$p194
=946  \\$aOther US
=959  \\$c2012-09-11$earojas$gap
=994  \\$a92$bAGL

