=LDR  01971cam a2200433I  4500
=001  9915466978707426
=005  20240620152944.0
=008  920620s1919\\\\iluae\\\\\\\\\001\0\eng\\
=010  \\$a   19005423 
=016  7\$aCAT10508166$2DNAL
=035  \\$a415156
=035  \\$a(OCoLC)12116863
=035  \\$a(DNAL)415156-naldb-Voyager
=040  \\$aDLC$beng$cHUH$dSER$dOCL$dOCLCQ$dAGL$dKRTAS$dNTE$dOCLCF$dOCLCQ$dVTU
=049  \\$aRQIA
=050  00$aSF486$b.R47 1919
=070  0\$a47$bR272P
=072  \0$aN100
=110  2\$aReliable Poultry Journal Publishing Company.
=245  10$aPoultry houses and fixtures.$bHow to lay out poultry plants. Accurate plans for constructing practical, economical laying houses, large and small. Low-cost construction for back-yard poultry keepers. Colony and portable houses, incubator and brooder houses, administration and other special-purpose buildings. Labor-saving interior and exterior fixtures and equipment.
=250  \\$a8th ed. ...
=260  \\$aQuincy, Ill.,$bReliable Poultry Journal Pub. Co.,$c©1919.
=300  \\$a110, [1] pages including frontispiece, illustrations, plans$c30 cm
=336  \\$atext$btxt$2rdacontent
=337  \\$aunmediated$bn$2rdamedia
=338  \\$avolume$bnc$2rdacarrier
=591  \\$bNAL Reclamation
=593  \\$fAgricola CAT
=650  \0$aPoultry.$0http://id.loc.gov/authorities/subjects/sh85105892
=650  \0$aFarm buildings.$0http://id.loc.gov/authorities/subjects/sh85047200
=655  \3$aInternet resource.
=776  08$iOnline version:$aReliable Poultry Journal Publishing Company.$tPoultry houses and fixtures.$b8th ed. .$dQuincy, Ill., Reliable Poultry Journal Pub. Co., ©1919$w(OCoLC)691073483
=856  41$uhttps://archive.org/details/poultryhousesfix00reli_0
=912  \\$analcatalog
=930  \\$a20160525$b20160603$c00000000
=938  \\$aKirtas Technologies, Inc.$bKRTS$n683503
=939  \\$a20140702$b20140807$c00000000
=945  \\$aDigiMet
=945  \\$p104
=946  \\$aOther US
=994  \\$a92$bAGL

