=LDR  01509cam a2200397I  4500
=001  9915467124407426
=005  20240620153026.0
=008  920621s1914\\\\iluae\\\\\\\\\000\0\eng\\
=010  \\$a   14005035 
=016  7\$aCAT10518528$2DNAL
=035  \\$a415139
=035  \\$a(OCoLC)18769274
=035  \\$a(DNAL)415139-naldb-Voyager
=040  \\$aDLC$beng$cRQI$dOCLCQ$dAGL$dOCLCF$dOCLCQ$dOCLCO
=049  \\$aRQIA
=050  \0$aSF487$b.R38
=070  0\$a47$bR272Su Ed.7
=072  \0$aL100
=110  2\$aReliable Incubator and Brooder Company.$0http://id.loc.gov/authorities/names/n2007052603
=245  10$aSuccess with poultry.$bA book on successful and profitable poultry raising, containing valuable information for persons who think of engaging in any branch of the poultry business for profit.
=250  \\$a7th ed.
=260  \\$aQuincy, Ill.,$bReliable Incubator & brooder Co.,$c©1914.
=300  \\$a112 pages,$billustrations, plans,$c31 cm
=336  \\$atext$btxt$2rdacontent
=337  \\$aunmediated$bn$2rdamedia
=338  \\$avolume$bnc$2rdacarrier
=591  \\$bNAL Reclamation
=593  \\$fAgricola CAT
=650  \0$aPoultry.$0http://id.loc.gov/authorities/subjects/sh85105892
=655  \3$aInternet resource.
=700  1\$aMyers, J. W.$q(John Wesley),$d1862-$0http://id.loc.gov/authorities/names/n2007052608
=856  41$uhttps://archive.org/details/successwithpoult00reli
=912  \\$analcatalog
=930  \\$a20140702$b20140807$c00000000
=945  \\$aDigiMet
=945  \\$p128
=946  \\$aOther US
=994  \\$a92$bAGL

