=LDR  02779cam a2200625Ia 4500
=001  9915467209607426
=005  20240620153040.0
=007  hd\af----bacu
=007  hd\bf----babu
=007  hd\bf----baau
=008  020930s1913\\\\dcuabf\\ab\\\f001\0\eng\d
=016  7\$aCAT11124302$2DNAL
=035  \\$a891206
=035  \\$a(OCoLC)49969540
=035  \\$a(DNAL)891206-naldb-Voyager
=040  \\$aIRU$beng$cIRU$dAGL$dOCLCQ$dOCLCG$dOCLCF$dOCLCO$dOCLCQ$dOCLCA
=043  \\$an-us-nm
=049  \\$aAGLL
=050  \0$aS93$b.N485 Reel 023
=070  0\$aFilm$bS-2161
=072  \0$aF000
=072  \0$aL000
=100  1\$aBailey, Vernon,$d1864-1942.
=245  10$aLife zones and crop zones of New Mexico /$cby Vernon Bailey.
=260  \\$aWashington, D.C. :$bG.P.O.,$c1913.
=300  \\$a100 pages, 16 leaves of plates :$billustrations, maps ;$c25 cm.
=336  \\$atext$btxt$2rdacontent
=337  \\$amicroform$bh$2rdamedia
=338  \\$amicrofilm reel$bhd$2rdacarrier
=490  1\$aNorth American fauna ;$vno. 35
=504  \\$aIncludes bibliographical references (pages 75-82) and index.
=533  \\$aMicrofilm.$bLas Cruces, N.M :$cNew Mexico State University Library ;$bEl Paso, Tex. :$cSouthwest Micropublishing,$d2002.$e1 microfilm reel ; 35 mm.$f(USAIN State and Local Literature Preservation Project. New Mexico).
=533  \\$aMicrofilm.$bLas Cruces, N.M :$cNew Mexico State University Library ;$bEl Paso, Tex. :$cSouthwest Micropublishing,$d2002.$e1 microfilm reel : negative ; 35 mm.$f(USAIN State and Local Literature Preservation Project. New Mexico).
=591  \\$bNAL Reclamation
=593  \\$fAgricola CAT
=650  \0$aCrop zones.$0http://id.loc.gov/authorities/subjects/sh85034246
=650  \0$aLife zones.$0http://id.loc.gov/authorities/subjects/sh85076851
=650  \0$aZoology$zNew Mexico.
=650  \0$aBotany$zNew Mexico.
=651  \7$aNew Mexico.$2fast$0(OCoLC)fst01204269
=655  \3$aInternet resource.
=710  1\$aUnited States.$bBureau of Biological Survey.$0http://id.loc.gov/authorities/names/n79006436
=710  2\$aNew Mexico State University.$bLibrary.$0http://id.loc.gov/authorities/names/n78023024
=730  02$aNew Mexico agricultural history microfilm project.
=730  02$aPreserving the literature of the history of New Mexico agriculture and rural life 1820-1945.
=830  \0$aNorth American fauna ;$vno. 35.
=830  \0$aUSAIN State and Local Literature Preservation Project.$pNew Mexico.
=856  41$uhttps://archive.org/details/lifezonescropzon35bail
=912  \\$analcatalog
=930  \\$a20140902$b20141003$c00000000
=939  \\$a20140425$b20140502$c00000000
=939  \\$a20021002$b20021010$c00000000
=945  \\$dRY$e2002/09/29$fRY$g2002/09/29
=945  \\$p130
=945  \\$aDigiMet
=946  \\$aOther US
=994  \\$a92$bAGL

