=LDR  01269cam a2200421M  4500
=001  9915468243407426
=005  20240620160209.0
=008  810316s1906\\\\ilu\\\\\\\\\\\000\0\eng\d
=010  \\$a   08016229 
=016  7\$aCAT10724014$2DNAL
=019  \\$a1029432376
=035  \\$a226887
=035  \\$a(OCoLC)71018932$z(OCoLC)1029432376
=035  \\$a(DNAL)226887-naldb-Voyager
=035  \\$z(OCoLC)1029432376
=040  \\$aAGL$beng$cAGL$dOCLCF$dOCLCO$dOCLCQ$dVTU$dAGL
=049  \\$aRQIB
=050  10$aSF495$b.R38
=070  0\$a47$bR272A
=072  \0$aL200
=130  0\$aReliable Poultry Journal Publishing Co.
=245  10$aArtificial incubating and brooding.
=250  \\$a3rd ed.
=260  \\$aQuincy, IL :$bReliable poultry journal Pub. Co.,$c1906.
=300  \\$a1 volume
=336  \\$atext$btxt$2rdacontent
=337  \\$aunmediated$bn$2rdamedia
=338  \\$avolume$bnc$2rdacarrier
=591  \\$bNAL Reclamation
=593  \\$fAgricola CAT
=650  \0$aPoultry.$0http://id.loc.gov/authorities/subjects/sh85105892
=655  \3$aInternet resource.
=856  41$uhttps://archive.org/details/artificialincuba00unse
=911  \\$ichl00017877
=912  \\$analcatalog
=930  \\$a20140702$b20140807$c00000000
=945  \\$aDigiMet
=945  \\$p102
=946  \\$aOther US
=994  \\$a92$bAGL

