=LDR  01793cam a2200481 a 4500
=001  9915469204407426
=005  20240624174358.0
=008  891013s1963\\\\dcubf\\\\\\\\f000\0\eng\d
=016  7\$aCAT10358252$2DNAL
=035  \\$a411419
=035  \\$a(OCoLC)16990437
=035  \\$a(DNAL)411419-naldb-Voyager
=040  \\$aRQF$beng$cRQF$dAGL$dOCLCQ$dFUG$dOCLCQ$dOCLCF$dOCLCQ$dOCLCO$dOCLCQ
=049  \\$aAGLY
=070  0\$aA280.39$bM34Am no.122 1963A
=072  \0$aQ001
=072  \0$aE700
=072  \0$aD500
=086  0\$aA 88.40:122/963/10
=245  00$aQuestions and answers on federal milk marketing orders /$cby the Milk Marketing Orders Division, Agricultural Marketing Service, United States Department of Agriculture.
=246  3\$aFederal milk marketing order
=250  \\$aSlightly rev. Oct. 1963.
=260  \\$aWashington, D.C. :$bU.S. Dept. of Agriculture,$c1963.
=300  \\$a11 pages [1] pages of plates :$b1 map ;$c26 cm
=336  \\$atext$btxt$2rdacontent
=337  \\$aunmediated$bn$2rdamedia
=338  \\$avolume$bnc$2rdacarrier
=490  1\$aAMS ;$v122
=591  \\$bNAL Reclamation
=593  \\$fAgricola CAT
=650  \0$aMilk trade.$0http://id.loc.gov/authorities/subjects/sh85085367
=655  \3$aInternet resource.
=710  1\$aUnited States.$bAgricultural Marketing Service.$bMilk Marketing Orders Division.$0http://id.loc.gov/authorities/names/no2006068967
=830  \0$aAMS (Washington, D.C. : 1954) ;$v122.
=841  \\$ax   $b8709220u    0   4   uu   1870922$ez
=852  \\$aDNAL$iA280.39 M34Am no.122 1963A
=856  41$uhttps://archive.org/details/questionsanswers12unit_0
=912  \\$analcatalog
=930  \\$a20140115$b20140207$c00000000
=945  \\$aUIU
=945  \\$p22
=945  \\$aDigiMet
=946  \\$aUSDA
=959  \\$c2014-01-15$essouder$gurl
=994  \\$a92$bAGL

