=LDR  02137cam a2200529 a 4500
=001  9915469395407426
=005  20240624174400.0
=008  001116s2000\\\\dcua\\\\\b\\\f100\0\eng\\
=010  \\$a   00329292 
=016  7\$aCAT11088035$2DNAL
=019  \\$a45349249
=035  \\$a859303
=035  \\$a(OCoLC)45466357$z(OCoLC)45349249
=035  \\$a(DNAL)859303-naldb-Voyager
=035  \\$z(OCoLC)45349249
=040  \\$aDLC$beng$cDLC$dAGL$dUIU$dBTCTA$dOCLCO$dOCLCQ$dOCLCF$dOCLCO
=043  \\$an-us---
=049  \\$aAGLL
=050  00$aS21$b.A46 no. 1566$aTP373.2
=070  0\$a1$bAg84M no. 1566
=072  \0$aE700
=245  00$aTechnological changes in the transportation sector -- effects on U.S. food and agricultural trade :$ba proceedings /$cWilliam Coyle, Nicole Ballenger.
=260  \\$aWashington, D.C. (1800 M St., NW, Washington 20036-5831) :$bU.S. Dept. of Agriculture, Economic Research Service,$c[2000]
=300  \\$av, 111 pages :$billustrations ;$c28 cm.
=336  \\$atext$btxt$2rdacontent
=337  \\$aunmediated$bn$2rdamedia
=338  \\$avolume$bnc$2rdacarrier
=490  1\$aMiscellaneous publication ;$vno. 1566
=504  \\$aIncludes bibliographical references.
=591  \\$bNAL Reclamation
=593  \\$fAgricola CAT
=650  \0$aFood$xTransportation$xTechnological innovations$zUnited States$vCongresses.
=651  \7$aUnited States.$2fast$0(OCoLC)fst01204155
=655  \3$aInternet resource.
=655  \7$aConference papers and proceedings.$2fast$0(OCoLC)fst01423772
=700  1\$aBallenger, Nicole.
=710  1\$aUnited States.$bDepartment of Agriculture.$bEconomic Research Service.$0http://id.loc.gov/authorities/names/n79086751
=830  \0$aMiscellaneous publication (United States. Department of Agriculture) ;$vno. 1566.
=856  41$uhttps://archive.org/details/technologicalcha1566coyl
=912  \\$analcatalog
=930  \\$a20140305$b20140404$c00000000
=938  \\$aBaker and Taylor$bBTCP$n00329292
=939  \\$a20001204$b20001212$c00000000
=945  \\$dRLG$e2000/11/14$fSES$g2000/11/16$n1
=945  \\$p128
=945  \\$aDigiMet
=946  \\$aUSDA
=959  \\$c2013-04-02$essouder$gap
=994  \\$a92$bAGL

