=LDR  01173cas a2200337M  4500
=001  9915469397707426
=005  20240620205136.0
=008  001205d19uu19uudcuuu\\\\\\\\f0\\\\0eng\d
=016  7\$aCAT11089824$2DNAL
=035  \\$a859578
=035  \\$a(OCoLC)1289092338
=035  \\$a(DNAL)859578-naldb-Voyager
=040  \\$aAGL$beng$cAGL
=049  \\$aRQIC
=070  0\$a1.967$bA2C82
=110  1\$aUnited States.$bBureau of Entomology and Plant Quarantine.
=245  10$aCotton insect conditions for week ending ...
=260  \\$aWashington.
=362  1\$aCeased.
=550  \\$aCombined with others to form its Cooperative economic insect report (1.967 A2C78).
=591  \\$bNAL Reclamation
=593  \\$fAgricola CAT
=650  \3$acotton.
=655  \3$aInternet resource.
=710  12$aUnited States.$bBureau of Entomology and Plant Quarantine.$tCooperative economic insect report.
=710  12$aUnited States.$bBureau of Entomology and Plant Quarantine.$tCotton insect survey report.
=856  41$uhttps://archive.org/details/usda-cooperativeeconomicinsectreport
=912  \\$analcatalog
=930  \\$a20140603$b20140704$c00000000
=945  \\$aDigiMet
=945  \\$vpt. 1
=945  \\$p8
=945  \\$aDigiMet
=945  \\$vpt. 2
=945  \\$p10
=945  \\$aDigiMet
=945  \\$vpt. 3
=945  \\$p10
=945  \\$aDigiMet
=945  \\$vpt. 4
=945  \\$p10
=945  \\$aDigiMet
=945  \\$vpt. 5
=945  \\$p12
=945  \\$aDigiMet
=945  \\$vpt. 6
=945  \\$p14
=945  \\$aDigiMet
=945  \\$vpt. 7
=945  \\$p16
=945  \\$aDigiMet
=945  \\$vpt. 8
=945  \\$p8
=945  \\$aDigiMet
=945  \\$vpt. 9
=945  \\$p10
=945  \\$aDigiMet
=945  \\$vpt. 10
=945  \\$p12
=945  \\$aDigiMet
=945  \\$vpt. 11
=945  \\$p12
=945  \\$aDigiMet
=945  \\$vpt. 12
=945  \\$p12
=945  \\$aDigiMet
=945  \\$vpt. 13
=945  \\$p20
=945  \\$aDigiMet
=945  \\$vpt. 14
=945  \\$p8
=945  \\$aDigiMet
=945  \\$vpt. 15
=945  \\$p10
=945  \\$aDigiMet
=945  \\$vpt. 16
=945  \\$p10
=945  \\$aDigiMet
=945  \\$vpt. 17
=945  \\$p12
=945  \\$aDigiMet
=945  \\$vpt. 18
=945  \\$p12
=945  \\$aDigiMet
=945  \\$vpt. 19
=945  \\$p14
=945  \\$aDigiMet
=945  \\$vpt. 20
=945  \\$p16
=945  \\$aDigiMet
=945  \\$vpt. 21
=945  \\$p8
=945  \\$aDigiMet
=945  \\$vpt. 22
=945  \\$p14
=945  \\$aDigiMet
=945  \\$vpt. 23
=945  \\$p12
=945  \\$aDigiMet
=945  \\$vpt. 24
=945  \\$p12
=945  \\$aDigiMet
=945  \\$vpt. 25
=945  \\$p16
=945  \\$aDigiMet
=945  \\$vpt. 26
=945  \\$p8
=945  \\$aDigiMet
=945  \\$vpt. 27
=945  \\$p10
=945  \\$aDigiMet
=945  \\$vpt. 28
=945  \\$p12
=945  \\$aDigiMet
=945  \\$vpt. 29
=945  \\$p12
=945  \\$aDigiMet
=945  \\$vpt. 30
=945  \\$p12
=945  \\$aDigiMet
=945  \\$vpt. 31
=945  \\$p12
=945  \\$aDigiMet
=945  \\$vpt. 32
=945  \\$p16
=945  \\$aDigiMet
=945  \\$vpt. 33
=945  \\$p8
=945  \\$aDigiMet
=945  \\$vpt. 34
=945  \\$p8
=945  \\$aDigiMet
=945  \\$vpt. 35
=945  \\$p12
=945  \\$aDigiMet
=945  \\$vpt. 36
=945  \\$p10
=945  \\$aDigiMet
=945  \\$vpt. 37
=945  \\$p12
=945  \\$aDigiMet
=945  \\$vpt. 38
=945  \\$p12
=945  \\$aDigiMet
=945  \\$vpt. 39
=945  \\$p14
=945  \\$aDigiMet
=945  \\$vpt. 40
=945  \\$p8
=945  \\$aDigiMet
=945  \\$vpt. 41
=945  \\$p10
=945  \\$aDigiMet
=945  \\$vpt. 42
=945  \\$p10
=945  \\$aDigiMet
=945  \\$vpt. 43
=945  \\$p10
=945  \\$aDigiMet
=945  \\$vpt. 44
=945  \\$p12
=945  \\$aDigiMet
=945  \\$vpt. 45
=945  \\$p12
=945  \\$aDigiMet
=945  \\$vpt. 46
=945  \\$p14
=945  \\$aDigiMet
=945  \\$vpt. 47
=945  \\$p8
=945  \\$aDigiMet
=945  \\$vpt. 48
=945  \\$p10
=945  \\$aDigiMet
=945  \\$vpt. 49
=945  \\$p14
=945  \\$aDigiMet
=945  \\$vpt. 50
=945  \\$p8
=945  \\$aDigiMet
=945  \\$vpt. 51
=945  \\$p12
=945  \\$aDigiMet
=945  \\$vpt. 52
=945  \\$p12
=945  \\$aDigiMet
=945  \\$vpt. 53
=945  \\$p12
=945  \\$aDigiMet
=945  \\$vpt. 54
=945  \\$p8
=945  \\$aDigiMet
=945  \\$vpt. 55
=945  \\$p10
=945  \\$aDigiMet
=945  \\$vpt. 56
=945  \\$p14
=945  \\$aDigiMet
=945  \\$vpt. 57
=945  \\$p10
=945  \\$aDigiMet
=945  \\$vpt. 58
=945  \\$p12
=945  \\$aDigiMet
=945  \\$vpt. 59
=945  \\$p8
=945  \\$aDigiMet
=945  \\$vpt. 60
=945  \\$p6
=945  \\$aDigiMet
=945  \\$vpt. 61
=945  \\$p8
=945  \\$aDigiMet
=945  \\$vpt. 62
=945  \\$p10
=945  \\$aDigiMet
=945  \\$vpt. 63
=945  \\$p10
=945  \\$aDigiMet
=945  \\$vpt. 64
=945  \\$p10
=945  \\$aDigiMet
=945  \\$vpt. 65
=945  \\$p10
=945  \\$aDigiMet
=945  \\$vpt. 66
=945  \\$p12
=945  \\$aDigiMet
=945  \\$vpt. 67
=945  \\$p10
=945  \\$aDigiMet
=945  \\$vpt. 68
=945  \\$p8
=945  \\$aDigiMet
=945  \\$vpt. 69
=945  \\$p8
=945  \\$aDigiMet
=945  \\$vpt. 70
=945  \\$p8
=945  \\$aDigiMet
=945  \\$vpt. 71
=945  \\$p10
=945  \\$aDigiMet
=945  \\$vpt. 72
=945  \\$p10
=945  \\$aDigiMet
=945  \\$vpt. 73
=945  \\$p12
=945  \\$aDigiMet
=945  \\$vpt. 74
=945  \\$p8
=945  \\$aDigiMet
=945  \\$vpt. 75
=945  \\$p12
=945  \\$aDigiMet
=945  \\$vpt. 76
=945  \\$p10
=945  \\$aDigiMet
=945  \\$vpt. 77
=945  \\$p10
=945  \\$aDigiMet
=945  \\$vpt. 78
=945  \\$p10
=945  \\$aDigiMet
=945  \\$vpt. 79
=945  \\$p10
=945  \\$aDigiMet
=945  \\$vpt. 80
=945  \\$p16
=945  \\$aDigiMet
=945  \\$vpt. 81
=945  \\$p8
=945  \\$aDigiMet
=945  \\$vpt. 82
=945  \\$p8
=945  \\$aDigiMet
=945  \\$vpt. 83
=945  \\$p10
=945  \\$aDigiMet
=945  \\$vpt. 84
=945  \\$p10
=945  \\$aDigiMet
=945  \\$vpt. 85
=945  \\$p12
=945  \\$aDigiMet
=945  \\$vpt. 86
=945  \\$p12
=945  \\$aDigiMet
=945  \\$vpt. 87
=945  \\$p8
=945  \\$aDigiMet
=945  \\$vpt. 88
=945  \\$p8
=945  \\$aDigiMet
=945  \\$vpt. 89
=945  \\$p8
=945  \\$aDigiMet
=945  \\$vpt. 90
=945  \\$p8
=945  \\$aDigiMet
=945  \\$vpt. 91
=945  \\$p8
=945  \\$aDigiMet
=945  \\$vpt. 92
=945  \\$p12
=946  \\$aUSDA
=994  \\$a92$bAGL

