=LDR  01617cam a2200445Ia 4500
=001  9915469404407426
=005  20240621084436.0
=008  900627s1923\\\\akuaf\\\\\\\\s000\0\eng\d
=016  7\$aCAT10398183$2DNAL
=035  \\$a468035
=035  \\$a(OCoLC)21358476
=035  \\$a(DNAL)468035-naldb-Voyager
=040  \\$aRQF$beng$cRQF$dAGL$dOCLCQ$dOCLCG$dFUG$dOCLCQ$dOCLCA$dOCLCF$dOCLCQ$dOCLCA
=043  \\$an-us-ak
=049  \\$aAGLY
=070  0\$a100$bAl122b no.4
=072  \0$aF110
=086  0\$aA 10.10/3:4
=100  1\$aGeorgeson, C. C.$q(Charles Christian),$d1851-1931.$0http://id.loc.gov/authorities/names/n2004021271
=245  10$aProduction of improved hardy strawberries for Alaska /$cby C.C. Georgeson.
=260  \\$aSitka :$bAlaska Agricultural Experiment Stations,$c1923.
=300  \\$a13 pages, 10 pages of plates :$billustrations ;$c23 cm.
=336  \\$atext$btxt$2rdacontent
=337  \\$aunmediated$bn$2rdamedia
=338  \\$avolume$bnc$2rdacarrier
=490  1\$aBulletin / Alaska Agricultural Experiment Station ;$vno. 4
=591  \\$bNAL Reclamation
=593  \\$fAgricola CAT
=650  \0$aStrawberries$zAlaska.
=651  \7$aAlaska.$2fast$0(OCoLC)fst01204480
=655  \3$aInternet resource.
=830  \0$aBulletin (Alaska Agricultural Experiment Stations (U.S.)) ;$vno. 4.
=841  \\$ax   $b9006070u    0   4   uu   1900607$ez
=852  \\$aDNAL$i100 Al122b no.4
=856  41$uhttps://archive.org/details/productionofimpr04geor
=912  \\$analcatalog
=930  \\$a20140702$b20140807$c00000000
=945  \\$aUIU
=945  \\$p30
=945  \\$aDigiMet
=946  \\$aState Experiment Station
=994  \\$a92$bAGL

