=LDR  01635cas a2200433Mi 4500
=001  9915469408607426
=005  20240624174401.0
=008  001205c19789999dcuar\\\\s\\\f0\\\\0eng\d
=016  7\$aCAT11089712$2DNAL
=035  \\$a859467
=035  \\$a(OCoLC)987722167
=035  \\$a(DNAL)859467-naldb-Voyager
=040  \\$aUAB$beng$cUAB$dOCLCO$dOCLCF$dOCLCQ$dOCLCA$dOCL$dOCLCO$dAGL
=049  \\$aRQIC
=050  \0$aS594.U6$bA312
=050  \0$aS 604.6 A278$bAEU
=070  0\$a1.956$bF45Ag82
=245  00$aAgricultural conservation program.$pStatistical summary.
=260  \\$aWashington, D.C. :$bU.S. Agricultural Stabilization and Conservation Service,$c1979-
=300  \\$avolumes ;$c28 cm
=310  \\$aAnnual
=336  \\$atext$btxt$2rdacontent
=337  \\$aunmediated$bn$2rdamedia
=338  \\$avolume$bnc$2rdacarrier
=362  0\$a1978-
=515  \\$aAccompanied by statistical summaries covering 1936 to present.
=591  \\$bNAL Reclamation
=593  \\$fAgricola CAT
=610  10$aUnited States.$bAgricultural Conservation Program$vPeriodicals.
=610  17$aUnited States.$bAgricultural Conservation Program$2fast$0(OCoLC)fst00674701
=655  \7$aPeriodicals.$2fast$0(OCoLC)fst01411641
=710  1\$aUnited States.$bAgricultural Stabilization and Conservation Service.$0http://id.loc.gov/authorities/names/n80126140
=780  01$tAgricultural conservation program accomplishments.
=856  41$uhttps://archive.org/details/usda-agriculturalconservationprogram
=912  \\$analcatalog
=930  \\$a00000000$b00000000$c00000000
=945  \\$aDigiMet
=945  \\$vpt. 1
=945  \\$p18
=945  \\$aDigiMet
=945  \\$vpt. 2
=945  \\$p100
=945  \\$aDigiMet
=945  \\$vpt. 3
=945  \\$p108
=945  \\$aDigiMet
=945  \\$vpt. 4
=945  \\$p120
=945  \\$aDigiMet
=945  \\$vpt. 5
=945  \\$p144
=945  \\$aDigiMet
=945  \\$vpt. 6
=945  \\$p130
=945  \\$aDigiMet
=945  \\$vpt. 8
=945  \\$p132
=945  \\$aDigiMet
=945  \\$vpt. 9
=945  \\$p96
=945  \\$aDigiMet
=945  \\$vpt. 10
=945  \\$p124
=945  \\$aDigiMet
=945  \\$vpt. 12
=945  \\$p140
=945  \\$aDigiMet
=945  \\$vpt. 13
=945  \\$p130
=945  \\$aDigiMet
=945  \\$vpt. 14
=945  \\$p136
=945  \\$aDigiMet
=945  \\$vpt. 17
=945  \\$p142
=945  \\$aDigiMet
=945  \\$vpt. 18
=945  \\$p278
=946  \\$aUSDA
=959  \\$c2014-10-03$essouder$gurl
=994  \\$a92$bAGL

