=LDR  00858cas a2200301M  4500
=001  9915469520107426
=005  20240621214634.0
=008  001205d19uu19uuiduuu\\\\\\\\f0\\\\0eng\d
=016  7\$aCAT11090000$2DNAL
=035  \\$a859753
=035  \\$a(OCoLC)1289029558
=035  \\$a(DNAL)859753-naldb-Voyager
=040  \\$aAGL$beng$cAGL
=049  \\$aRQIC
=070  0\$a1.956$bF45Id13
=110  1\$aUnited States.$bAgricultural Stabilization and Conservation Committee.$bIdaho.
=245  10$aIdaho ... annual statistical report.
=260  \\$aBoise, Idaho.
=362  1\$aCeased.
=591  \\$bNAL Reclamation
=593  \\$fAgricola CAT
=651  \3$aIdaho.
=655  \3$aInternet resource.
=856  41$uhttps://archive.org/details/usda-idahoannualreport
=912  \\$analcatalog
=930  \\$a20140902$b00000000$c00000000
=945  \\$aDigiMet
=945  \\$p156
=946  \\$aUSDA
=994  \\$a92$bAGL

