=LDR  02682cas a2200577 a 4500
=001  9915469523507426
=005  20240624174400.0
=008  001205d19521957dcuar\\\\s\\\f0\\\\0eng\\
=010  \\$a   86655218 $zsn 86033583 
=016  7\$aCAT11089714$2DNAL
=035  \\$a859469
=035  \\$a(OCoLC)02484252
=035  \\$a(DNAL)859469-naldb-Voyager
=040  \\$aDLC$beng$cKSU$dDLC$dNYG$dNSD$dDLC$dNYG$dNST$dNYG$dIUL$dCLU$dOCLCQ$dOCLCF$dAGL$dOCLCQ
=042  \\$apcc
=043  \\$an-us---
=049  \\$aAGLL
=050  00$aS624.A1$bA28
=070  0\$aA281.9$bC76
=086  0\$aA 82.37:SU 6
=130  0\$aAgricultural conservation program, summary (Washington, D.C. : 1952)
=245  10$aAgricultural conservation program, summary.
=260  \\$aWashington, D.C. :$bU.S. Dept. of Agriculture, Agricultural Conservation Program Service,$c1953-1958.
=300  \\$a6 volumes :$billustrations ;$c26 cm
=310  \\$aAnnual
=336  \\$atext$btxt$2rdacontent
=337  \\$aunmediated$bn$2rdamedia
=338  \\$avolume$bnc$2rdacarrier
=362  0\$a1952-1957.
=580  \\$aInformation by States for previous years has been published in similar reports for earlier years, in "Agricultural Statistics," and in the annual reports of the Chief of the Agricultural Adjustment Agency, and the Administrator of the Production and Marketing Administration.
=591  \\$bNAL Reclamation
=593  \\$fAgricola CAT
=610  10$aUnited States.$bAgricultural Conservation Program Service$vStatistics$vPeriodicals.
=610  17$aUnited States.$bAgricultural Conservation Program Service$2fast$0(OCoLC)fst00613745
=650  \0$aSoil conservation$zUnited States$vStatistics$vPeriodicals.
=650  \0$aWater conservation$zUnited States$vStatistics$vPeriodicals.
=651  \7$aUnited States.$2fast$0(OCoLC)fst01204155
=655  \7$aPeriodicals.$2fast$0(OCoLC)fst01411641
=655  \7$aStatistics.$2fast$0(OCoLC)fst01423727
=710  1\$aUnited States.$bAgricultural Conservation Program Service.$0http://id.loc.gov/authorities/names/n85209287
=776  08$iOnline version:$tAgricultural conservation program, summary (Washington, D.C. : 1952)$w(OCoLC)1083361062
=780  00$tAgricultural conservation program, summaries by states$w(DLC)sn 86035353$w(OCoLC)14578613
=785  00$tAgricultural conservation program, summary by states$w(DLC)   54061490$w(OCoLC)3826243
=850  \\$aDLC$aInLP$aN
=856  41$uhttps://archive.org/details/usda-agriculturalconservationprogram
=912  \\$analcatalog
=930  \\$a20140708$b20140807$c00000000
=945  \\$aDigiMet
=945  \\$vpt. 1
=945  \\$p88
=945  \\$aDigiMet
=945  \\$vpt. 2
=945  \\$p100
=945  \\$aDigiMet
=945  \\$vpt. 3
=945  \\$p102
=945  \\$aDigiMet
=945  \\$vpt. 4
=945  \\$p112
=946  \\$aUSDA
=959  \\$c2014-10-03$essouder$gurl
=959  \\$c2014-07-08$ergallett$gupgrade
=994  \\$a92$bAGL

