=LDR  02006cam a2200493Ia 4500
=001  9915470748207426
=005  20240624175520.0
=008  980320s1989\\\\dcuab\\\\\\\\f000\0\eng\d
=016  7\$aCAT10844102$2DNAL
=035  \\$a810559
=035  \\$a(OCoLC)30061087
=035  \\$a(DNAL)810559-naldb-Voyager
=040  \\$aCAR$beng$cCAR$dAGL$dOCLCQ$dLVB$dOCLCQ$dOCLCF$dOCLCO$dOCLCA$dCSF$dCEF$dOCLCO
=049  \\$aAGLL
=050  \0$aUS1 D50 89.G11 .ENG
=070  0\$a1$bAg84M no.1468
=072  \0$aE130
=086  0\$aA 1.38:1468
=245  00$aGATT & agriculture :$bthe concepts of PSE's and CSE's.
=246  3\$aGATT and agriculture
=260  \\$aWashington, DC :$bU.S. Dept. of Agriculture, Economic Research Service,$c[1989]
=300  \\$a23 pages :$billustrations, maps ;$c22 cm.
=336  \\$atext$btxt$2rdacontent
=337  \\$aunmediated$bn$2rdamedia
=338  \\$avolume$bnc$2rdacarrier
=490  1\$aMiscellaneous publication ;$vno. 1468
=591  \\$bNAL Reclamation
=593  \\$fAgricola CAT
=610  20$aGeneral Agreement on Tariffs and Trade (Organization)$0http://id.loc.gov/authorities/names/n79026727
=610  26$aAccord général sur les tarifs douaniers et le commerce (Organisation)
=610  27$aGeneral Agreement on Tariffs and Trade (Organization)$2fast$0(OCoLC)fst00530676
=650  \0$aAgricultural subsidies.$0http://id.loc.gov/authorities/subjects/sh85002404
=655  \3$aInternet resource.
=700  1\$aHudson, William J.
=710  1\$aUnited States.$bDepartment of Agriculture.$bEconomic Research Service.$0http://id.loc.gov/authorities/names/n79086751
=830  \0$aMiscellaneous publication (United States. Department of Agriculture) ;$vno. 1468.
=856  41$uhttps://archive.org/details/gattagriculturec1468huds
=912  \\$analcatalog
=930  \\$a20140305$b20140404$c00000000
=939  \\$a19980401$b19980408$c00000000
=945  \\$dRLG$e98/03/16$fAR$g98/03/20$n1
=945  \\$p32
=945  \\$aDigiMet
=946  \\$aUSDA
=959  \\$c2013-04-02$essouder$gap
=994  \\$a92$bAGL

