=LDR  01417cam a2200409I  4500
=001  9915470764507426
=005  20240620210923.0
=008  920621s1915\\\\ilua\\\\\\\\\\000\0\eng\d
=016  7\$aCAT10518029$2DNAL
=019  \\$a63334992
=035  \\$a412062
=035  \\$a(OCoLC)18617111$z(OCoLC)63334992
=035  \\$a(DNAL)412062-naldb-Voyager
=035  \\$z(OCoLC)63334992
=040  \\$aRQI$beng$cRQI$dAGL$dCOO$dKRTAS$dOCLCQ$dOCLCF$dOCLCQ$dOCLCO
=049  \\$aRQIA
=070  0\$a47$bM18
=072  \0$aL500
=100  1\$aMcIntire, C. H.
=245  10$aCommon sense fowl nutrition.
=260  \\$aDawson, Ill.,$b[publisher not identified],$c1915.
=300  \\$a137 pages$billustrations$c20 cm
=336  \\$atext$btxt$2rdacontent
=337  \\$aunmediated$bn$2rdamedia
=338  \\$avolume$bnc$2rdacarrier
=591  \\$bNAL Reclamation
=593  \\$fAgricola CAT
=650  \0$aPoultry$xFeeding and feeds.$0http://id.loc.gov/authorities/subjects/sh85105899
=655  \3$aInternet resource.
=776  08$iOnline version:$aMcIntire, C. H.$tCommon sense fowl nutrition.$dDawson, Ill., [publisher not identified], 1915$w(OCoLC)919766178
=856  41$uhttps://archive.org/details/commonsensefowln00mcin
=912  \\$analcatalog
=930  \\$a20160524$b20160603$c00000000
=938  \\$aKirtas Technologies, Inc.$bKRTS$n308813
=939  \\$a20140702$b20140807$c00000000
=945  \\$aDigiMet
=945  \\$p146
=946  \\$aOther US
=994  \\$a92$bAGL

