=LDR  01119cam a2200361I  4500
=001  9915470768207426
=005  20240620210922.0
=008  920621s1905\\\\nyua\\\\\\\\\\000\1\eng\d
=016  7\$aCAT10517588$2DNAL
=035  \\$a412422
=035  \\$a(OCoLC)18516954
=035  \\$a(DNAL)412422-naldb-Voyager
=040  \\$aRQI$beng$cRQI$dOCL$dOCLCQ$dAGL$dOCLCF$dOCLCQ$dOCLCO
=049  \\$aRQIA
=070  0\$a47$bD565
=072  \0$aL100
=100  1\$aDickinson, Rogers.
=245  12$aA short story for poultry raisers,$benlarged and illustrated.
=260  \\$aNew York,$b[publisher not identified],$c[1905?]
=300  \\$a32 pages$billustrations$c24 x 19 cm
=336  \\$atext$btxt$2rdacontent
=337  \\$aunmediated$bn$2rdamedia
=338  \\$avolume$bnc$2rdacarrier
=591  \\$bNAL Reclamation
=593  \\$fAgricola CAT
=650  \0$aPoultry$vFiction.
=655  \3$aInternet resource.
=655  \7$aFiction.$2fast$0(OCoLC)fst01423787
=856  41$uhttps://archive.org/details/shortstoryforpou00dick
=912  \\$analcatalog
=930  \\$a20140702$b20140807$c00000000
=945  \\$aDigiMet
=945  \\$p40
=946  \\$aOther US
=994  \\$a92$bAGL

