=LDR  02560cam a2200649Ia 4500
=001  9915470778107426
=005  20240624175525.0
=007  he\bmb024bbca
=008  990209s1997\\\\mnuab\\\bs\\\f000\0\eng\d
=016  7\$aCAT10861344$2DNAL
=019  \\$a1225810111
=035  \\$a810806
=035  \\$a(OCoLC)38843468$z(OCoLC)1225810111
=035  \\$a(DNAL)810806-naldb-Voyager
=035  \\$z(OCoLC)1225810111
=040  \\$aGPO$beng$cGPO$dOCL$dOCLCQ$dOCLCF$dOCLCQ$dOCLCO$dOCLCQ$dGILDS$dOCLCO$dTKN$dOCLCA$dAKP
=043  \\$an-us-ia
=049  \\$aAGLL
=050  \0$aSD11.E26$bR5 no.182
=070  0\$aFiche$bS-133 (A 13.80:NC-182 )
=072  \0$aK250
=074  \\$a0083-B-05 (MF)
=086  0\$aA 13.80:NC-182
=100  1\$aPiva, Ronald J.
=245  10$aIowa timber industry--an assessment of timber product output and use, 1994 /$cRonald J. Piva.
=260  \\$a[St. Paul, MN] :$bU.S. Dept. of Agriculture, Forest Service, North Central Forest Experiment Station,$c[1997]
=300  \\$a38 pages :$billustrations, map ;$c28 cm.
=336  \\$atext$btxt$2rdacontent
=337  \\$amicroform$bh$2rdamedia
=338  \\$amicrofiche$bhe$2rdacarrier
=490  1\$aResource bulletin NC ;$v182
=530  \\$aAlso available on the Internet.
=533  \\$aMicrofiche.$b[Washington, D.C.] :$cSupt. of Docs., U.S. G.P.O.,$d[1997].$e1 microfiche : negative.
=591  \\$bNAL Reclamation
=593  \\$fAgricola CAT
=650  \0$aLumber trade$zIowa$vStatistics.
=650  \0$aTimber$zIowa$vStatistics.
=651  \7$aIowa.$2fast$0(OCoLC)fst01205835
=655  \7$aStatistics.$2fast$0(OCoLC)fst01423727
=655  \7$aStatistics.$2lcgft$0http://id.loc.gov/authorities/genreForms/gf2014026181
=710  2\$aNorth Central Forest Experiment Station (Saint Paul, Minn.)$0http://id.loc.gov/authorities/names/n80044737
=830  \0$aResource bulletin NC ;$v182.
=856  41$uhttps://www.fs.usda.gov/treesearch/pubs/10026$yAvailable in Treesearch, US Forest Service's digital repository
=856  41$uhttps://doi.org/10.2737/NC-RB-182
=856  41$uhttp://www.nrs.fs.fed.us/pubs/rb/rb%5Fnc182.pdf
=856  41$uhttps://archive.org/details/iowatimberindust182piva
=912  \\$analcatalog
=930  \\$a20210628$b00000000$c00000000
=939  \\$a20140702$b20140807$c00000000
=939  \\$a20130605$b20130705$c00000000
=939  \\$a20040803$b20040901$c00000000
=939  \\$a19990301$b19990308$c00000000
=945  \\$a1
=945  \\$p48
=945  \\$aDigiMet
=946  \\$aUSDA
=959  \\$c2013-06-04$essouder$gurlc
=959  \\$c2021-06-28$earojas$gupgrade
=994  \\$a92$bAGL

