=LDR  01989cam a2200481Ia 4500
=001  9915470852107426
=005  20240624175520.0
=008  980319s1968\\\\dcu\\\\\\s\\\f000\0\eng\d
=016  7\$aCAT10843924$2DNAL
=035  \\$a810414
=035  \\$a(OCoLC)15600131
=035  \\$a(DNAL)810414-naldb-Voyager
=040  \\$aRQF$beng$cRQF$dOCL$dIUL$dOCLCQ$dOCLCO$dOCLCA$dOCLCF$dOCLCO$dAGL
=043  \\$aae-----$apo-----
=049  \\$aAGLL
=070  0\$aA281.9$bAg83 no.219
=072  \0$aE100
=086  0\$aA 93.21/2:219
=245  04$aThe 1968 agricultural data book for the Far East and Oceania /$c[prepared in the Situation and Outlook Section, Far East Branch, Foreign Regional Analysis Division].
=246  3\$aNineteen sixty-eight agricultural data book for the Far East and Oceania
=260  \\$aWashington, D.C. :$bU.S. Dept. of Agriculture, Economic Research Service,$c1968.
=300  \\$avi, 70 pages ;$c26 cm.
=336  \\$atext$btxt$2rdacontent
=337  \\$aunmediated$bn$2rdamedia
=338  \\$avolume$bnc$2rdacarrier
=490  1\$aERS-foreign ;$v219
=591  \\$bNAL Reclamation
=593  \\$fAgricola CAT
=650  \0$aAgriculture$xEconomic aspects$zAsia$vStatistics.
=651  \0$aAsia$xEconomic conditions$vStatistics.
=651  \7$aAsia.$2fast$0(OCoLC)fst01240495
=655  \3$aInternet resource.
=655  \7$aStatistics.$2fast$0(OCoLC)fst01423727
=710  1\$aUnited States.$bDepartment of Agriculture.$bEconomic Research Service.$bForeign Regional Analysis Division.
=776  08$iOnline version:$t1968 agricultural data book for the Far East and Oceania.$dWashington, D.C. : U.S. Dept. of Agriculture, Economic Research Service, 1968$w(OCoLC)890535213
=830  \0$aERS-foreign ;$v219.
=856  41$uhttps://archive.org/details/1968agricultural219unit
=912  \\$analcatalog
=930  \\$a20140305$b20140404$c00000000
=939  \\$a19980401$b19980408$c00000000
=945  \\$aDigiMet
=945  \\$p84
=946  \\$aOther US
=959  \\$c2013-04-02$essouder$gap
=994  \\$a92$bAGL

