=LDR  02099cam a2200529Ia 4500
=001  9915470979107426
=005  20240624175525.0
=008  980319s1942\\\\dcu\\\\\\b\\\f000\0\eng\c
=010  \\$aagr42000168 
=016  7\$aCAT10843941$2DNAL
=035  \\$a810422
=035  \\$a(OCoLC)31484900
=035  \\$a(DNAL)810422-naldb-Voyager
=040  \\$aU.S. Dept. of Agr. Library$beng$cWAU$dWAU$dAGL$dOCL$dIUL$dMUQ$dOCLCQ$dOCLCG$dOCLCA$dOCLCQ$dNUI$dOCLCF$dOCLCQ$dOKS$dRIU$dFUG$dOCL$dOCLCO
=043  \\$an-us---
=049  \\$aAGLL
=050  00$aZ5074.E3$bU35 no.95
=070  0\$a1.9$bEc73A no.95 1942
=072  \0$aE200
=086  0\$aA 36.13:95
=245  00$aAgricultural labor in the United States, 1938-June 1941 :$ba selected list of references /$ccompiled by John M. McNeill and Josiah C. Folsom.
=260  \\$aWashington, D.C. :$bU.S. Dept. of Agriculture, Bureau of Agricultural Economics,$c[1942]
=300  \\$aiii-vi, 268 pages ;$c27 cm.
=336  \\$atext$btxt$2rdacontent
=337  \\$aunmediated$bn$2rdamedia
=338  \\$avolume$bnc$2rdacarrier
=490  1\$aAgricultural economics bibliography ;$vno. 95
=504  \\$a"Sources consulted": page iv.
=591  \\$bNAL Reclamation
=593  \\$fAgricola CAT
=650  \0$aAgricultural laborers$zUnited States$vBibliography.
=651  \7$aUnited States.$2fast$0(OCoLC)fst01204155
=655  \7$aBibliographies.$2fast$0(OCoLC)fst01919895
=700  1\$aMcNeill, John Milton,$d1902-
=700  1\$aFolsom, Josiah C.$q(Josiah Chase),$d1888-1970.$0http://id.loc.gov/authorities/names/no2004108168
=710  1\$aUnited States.$bBureau of Agricultural Economics.$0http://id.loc.gov/authorities/names/n80060900
=830  \0$aAgricultural economics bibliography ;$vno. 95.
=856  41$uhttps://archive.org/details/agriculturallabo95mcne
=912  \\$analcatalog
=930  \\$a20140523$b20140606$c00000000
=939  \\$a20100721$b20100807$c00000000
=939  \\$a19980401$b19980408$c00000000
=945  \\$n1
=945  \\$p288
=945  \\$aDigiMet
=946  \\$aUSDA
=959  \\$c2014-10-03$essouder$gurl
=959  \\$c2010-07-21$earojas$gap
=994  \\$a92$bAGL

