=LDR  02105cam a2200553Ia 4500
=001  9915471018707426
=005  20240620212324.0
=007  he\bmb024bbca
=008  990129s1996\\\\utuab\\\bb\\\\000\0\eng\d
=016  7\$aCAT10860686$2DNAL
=035  \\$a810876
=035  \\$a(OCoLC)38849754
=035  \\$a(DNAL)810876-naldb-Voyager
=040  \\$aGPO$beng$cGPO$dOCLCQ$dOCLCO$dOCLCF$dUOK$dTKN$dAGL
=043  \\$an-usc--
=049  \\$aAGLL
=050  \0$aSD11.E23$bP3 no.INT-RP-490
=070  0\$aFiche$bS-133 (A 13.78:INT-RP-490 )
=072  \0$aP300
=072  \0$aK800
=074  \\$a0083-B (MF)
=086  0\$aA 13.78:INT-RP-490
=100  1\$aMcEwen, Douglas N.
=245  10$aCampsite impacts in four wildernesses in the South-Central United States /$cDouglas McEwen, David N. Cole, Mark Simon.
=260  \\$aOgden, UT (324 25th St., Ogden 84401) :$bU.S. Dept. of Agriculture, Forest Service, Intermountain Research Station,$c[1996]
=300  \\$a12 pages :$billustrations, maps ;$c28 cm.
=336  \\$atext$btxt$2rdacontent
=337  \\$amicroform$bh$2rdamedia
=338  \\$amicrofiche$bhe$2rdacarrier
=490  1\$aResearch paper INT ;$vRP-490
=504  \\$aIncludes bibliographical references (pages 11-12).
=533  \\$aMicrofiche.$b[Washington, D.C.] :$cSupt. of Docs., U.S. G.P.O.,$d[1997].$e1 microfiche : negative.
=591  \\$bNAL Reclamation
=593  \\$fAgricola CAT
=650  \0$aRecreation areas$zMiddle West$xManagement.
=650  \0$aCamp sites, facilities, etc.$xPublic use$zMiddle West.
=650  \0$aWilderness area users$xEducation$zMiddle West.
=651  \7$aMiddle West.$2fast$0(OCoLC)fst01240052
=655  \3$aInternet resource.
=700  1\$aCole, David N.
=700  1\$aSimon, Mark.
=710  2\$aIntermountain Research Station (Ogden, Utah)$0http://id.loc.gov/authorities/names/n85066590
=830  \0$aResearch paper INT ;$v490.
=856  41$uhttps://archive.org/details/campsiteimpactsi490mcew
=912  \\$analcatalog
=930  \\$a20140305$b20140404$c00000000
=939  \\$a19990301$b19990308$c00000000
=945  \\$aDigiMet
=945  \\$p20
=946  \\$aUSDA
=994  \\$a92$bAGL

