=LDR  03510cam a2200805Ia 4500
=001  9915471347107426
=005  20240626133944.0
=008  970718s1997\\\\dcua\\\\\b\\\f101\0\eng\\
=016  7\$aCAT10830546$2DNAL
=035  \\$a798778
=035  \\$a(OCoLC)37271180
=035  \\$a(DNAL)798778-naldb-Voyager
=040  \\$aAGL$beng$cAGL$dOCL$dAGL$dOCLCQ$dAGL$dDEBBG$dLUO$dOCLCO$dOCLCA$dOCLCF$dOCLCQ$dOCLCA$dOCL$dOCLCA
=043  \\$an-us---
=049  \\$aAGLL
=050  \0$aSB950.57$bN37 1997
=070  0\$a1$bAg84M no.1542
=072  \0$aF800
=072  \0$aJ710
=111  2\$aNational Integrated Pest Management Symposium/Workshop$n(3rd :$d1996 :$cWashington, D.C.)
=245  10$aProceedings of the third National IPM Symposium/Workshop :$bbroadening support for 21st century IPM : February 27-March 1, 1996, Washington, DC /$cedited by Sarah Lynch, Catherine Greene, and Carol Kramer-LeBlanc.
=246  30$aBroadening support for 21st century IPM
=260  \\$aWashington, DC :$bU.S. Dept. of Agriculture, ERS,$c[1997]
=300  \\$a300 pages :$billustrations ;$c28 cm.
=336  \\$atext$btxt$2rdacontent
=337  \\$aunmediated$bn$2rdamedia
=338  \\$avolume$bnc$2rdacarrier
=490  1\$aMiscellaneous publication / United States Department of Agriculture ;$vno. 1542
=504  \\$aIncludes bibliographical references and index.
=530  \\$aAlso available via remote access.
=591  \\$bNAL Reclamation
=593  \\$fAgricola CAT
=650  \0$aPests$xIntegrated control$zUnited States$vCongresses.
=650  \3$aintegrated pest management.
=651  \3$aUnited States.
=651  \7$aUnited States.$2fast$0(OCoLC)fst01204155
=655  \3$aInternet resource.
=655  \7$aConference papers and proceedings.$2fast$0(OCoLC)fst01423772
=655  \7$aWashington (DC, 1996)$2swd
=700  1\$aLynch, Sarah.
=700  1\$aGreene, Catherine.
=700  1\$aKramer, Carol S.
=710  1\$aUnited States.$bDepartment of Agriculture.$bEconomic Research Service.$0http://id.loc.gov/authorities/names/n79086751
=710  2\$aESCOP Pest Management Strategies Subcommittee.$0http://id.loc.gov/authorities/names/no95004088
=776  08$iOnline version:$aNational Integrated Pest Management Symposium/Workshop (3rd : 1996 : Washington, D.C.)$tProceedings of the third National IPM Symposium/Workshop.$dWashington, DC : U.S. Dept. of Agriculture, ERS, [1997]$w(OCoLC)1021857611
=830  \0$aMiscellaneous publication (United States. Department of Agriculture) ;$vno. 1542.
=856  \1$uhttp://hdl.handle.net/10113/33425$zAvailable in the National Agricultural Library Digital Collections
=856  41$uhttps://archive.org/details/proceedingsofthi1542nati
=910  \\$aUSDA$bERS
=912  \\$analcatalog
=930  \\$a20140305$b20140404$c00000000
=939  \\$a20090921$b20091002$c00000000
=939  \\$a20090619$b20090703$c00000000
=939  \\$a20020301$b20020307$c00000000
=939  \\$a19970801$b19970807$c00000000
=939  \\$a19990624$b00000000$c00000000
=939  \\$a19990702$b19990709$c00000000
=939  \\$a20011115$b00000000$c00000000
=939  \\$a20011202$b20011206$c00000000
=939  \\$a20020213$b00000000$c00000000
=945  \\$dARS$e97/07/09$fAR$g97/07/12$n1
=945  \\$p316
=945  \\$aDigiMet
=946  \\$aUSDA
=959  \\$c2023-03-08$eaxu$glf
=959  \\$c2015-04-20$essouder$gother
=959  \\$c2013-04-02$essouder$gap
=959  \\$c2009-09-21$ergallett$gaccadd
=972  \\$aindexed$bc$cc
=973  \\$aCS1
=975  \\$aIND
=994  \\$a92$bAGL

