=LDR  02545cam a2200649 a 4500
=001  9915471431007426
=005  20240620212619.0
=008  970711s1997\\\\pauab\\\\bs\\f001\0\eng\\
=010  \\$a   97171792 
=016  7\$aCAT10830160$2DNAL
=035  \\$a798388
=035  \\$a(OCoLC)37248029
=035  \\$a(DNAL)798388-naldb-Voyager
=040  \\$aDNAL$beng$cDLC$dOCL$dBTCTA$dSPI$dORE$dOCLCO$dOCLCA$dOCLCF$dOCLCQ$dAGM$dOCLCA$dWURST$dAGL
=042  \\$alccopycat
=043  \\$an-usu--
=049  \\$aAGLL
=050  00$aSD387.L33$bB564 1997
=070  0\$aA99.9$bF7622Uf no.138
=072  \0$aK200
=072  \0$aE110
=072  \0$aK001
=086  0\$aA 13.80:NE-138
=100  1\$aBirch, Thomas W.$0http://id.loc.gov/authorities/names/n77011280
=245  10$aPrivate forest-land owners of the southern United States, 1994 /$cThomas W. Birch.
=260  \\$aRadnor, PA :$bU.S. Dept. of Agriculture, Forest Service, Northeastern Forest Experiment Station,$c[1997]
=300  \\$a195 pages :$billustrations, maps ;$c28 cm.
=336  \\$atext$btxt$2rdacontent
=337  \\$aunmediated$bn$2rdamedia
=338  \\$avolume$bnc$2rdacarrier
=490  1\$aResource bulletin NE ;$v138
=530  \\$aAlso available on the World Wide Web.
=504  \\$aIncludes bibliographical references (page 9) and index to tables.
=591  \\$bNAL Reclamation
=593  \\$fAgricola CAT
=650  \0$aForest landowners$zSouthern States$vStatistics.
=650  \0$aForest management$zSouthern States$vStatistics.
=650  \0$aLand tenure$zSouthern States$vStatistics.
=650  \3$aforest ownership.
=650  \3$aprivate forestry.
=650  \3$aprivate ownership.
=650  \3$aforests.
=651  \3$aSoutheastern United States.
=651  \7$aSouthern States.$2fast$0(OCoLC)fst01244550
=655  \3$aInternet resource.
=655  \7$aStatistics.$2fast$0(OCoLC)fst01423727
=710  2\$aNortheastern Forest Experiment Station (Radnor, Pa.)
=776  08$iOnline version:$aBirch, Thomas W.$tPrivate forest-land owners of the southern United States, 1994.$dRadnor, PA : U.S. Dept. of Agriculture, Forest Service, Northeastern Forest Experiment Station, [1997]$w(OCoLC)1020080379
=830  \0$aResource bulletin NE ;$v138.
=856  41$uhttps://archive.org/details/privateforestlan138birc
=912  \\$analcatalog
=930  \\$a20140207$b20140307$c00000000
=938  \\$aBaker and Taylor$bBTCP$n97171792
=939  \\$a19970801$b19970807$c00000000
=945  \\$dRLG$e97/07/07$fSES$g97/07/11$n1
=945  \\$p208
=945  \\$aDigiMet
=946  \\$aUSDA
=994  \\$a92$bAGL

