=LDR  01815cam a2200481Ia 4500
=001  9915472940707426
=005  20240620171709.0
=008  990323s1992\\\\dcua\\\\\\\\\f000\0\eng\d
=016  7\$aCAT10863827$2DNAL
=035  \\$a828134
=035  \\$a(OCoLC)32137937
=035  \\$a(DNAL)828134-naldb-Voyager
=040  \\$aUIU$beng$cUIU$dAGL$dOCLCQ$dOCLCF$dOCLCO$dOCLCA
=043  \\$an-us---
=049  \\$aAGLL
=070  0\$a1$bAg84M no.1500
=072  \0$aL000
=072  \0$aL820
=072  \0$aA500
=245  00$aManaging wildlife damage :$bthe mission of APHIS' animal damage control program.
=260  \\$a[Washington, DC] :$bAnimal and Plant Health Inspection Service,$c[1992]
=300  \\$a11 pages :$billustrations ;$c28 cm.
=336  \\$atext$btxt$2rdacontent
=337  \\$aunmediated$bn$2rdamedia
=338  \\$avolume$bnc$2rdacarrier
=490  1\$aMiscellaneous publication ;$vno. 1500
=591  \\$bNAL Reclamation
=593  \\$fAgricola CAT
=610  20$aAnimal Damage Control Program (U.S.)$0http://id.loc.gov/authorities/names/n82229617
=610  27$aAnimal Damage Control Program (U.S.)$2fast$0(OCoLC)fst00577375
=650  \0$aWildlife pests$xControl$xGovernment policy$zUnited States.
=650  \0$aWildlife depredation$xGovernment policy$zUnited States.
=651  \7$aUnited States.$2fast$0(OCoLC)fst01204155
=655  \3$aInternet resource.
=710  1\$aUnited States.$bAnimal and Plant Health Inspection Service.
=830  \0$aMiscellaneous publication (United States. Department of Agriculture) ;$vno. 1500.
=856  41$uhttps://archive.org/details/managingwildlife1500unit
=912  \\$analcatalog
=930  \\$a20140305$b20140404$c00000000
=939  \\$a19990405$b19990413$c00000000
=945  \\$dsp$e99/03/19$fsp$g99/03/19$n1
=945  \\$p16
=945  \\$aDigiMet
=946  \\$aOther US
=994  \\$a92$bAGL

