=LDR  02101cam a2200505Ia 4500
=001  9915473122607426
=005  20240624180840.0
=008  990406s1992\\\\mdua\\\\\\\\\f000\0\eng\\
=016  7\$aCAT10864453$2DNAL
=019  \\$a29461879
=035  \\$a828753
=035  \\$a(OCoLC)41021034$z(OCoLC)29461879
=035  \\$a(DNAL)828753-naldb-Voyager
=035  \\$z(OCoLC)29461879
=040  \\$aAGL$beng$cAGL$dNKT$dOCLCQ$dOCLCO$dOCLCF$dOCLCA$dAGL
=043  \\$an-us---
=049  \\$aAGLL
=070  0\$a1$bAg84M no.1490
=072  \0$aT100
=100  1\$aDuyff, Roberta Larson.
=245  10$aDietary guidelines and your health :$bhealth educator's guide to nutrition and fitness /$c[writer, Roberta L. Duyff].
=260  \\$aHyattsville, Md. :$bU.S. Dept. of Agriculture, Human Nutrition Information Service,$c[1992]
=300  \\$a59 pages :$billustrations ;$c28 cm.
=336  \\$atext$btxt$2rdacontent
=337  \\$aunmediated$bn$2rdamedia
=338  \\$avolume$bnc$2rdacarrier
=490  1\$aMiscellaneous publication ;$vno. 1490
=520  \\$aContains lesson plans, self-tests, and activities to help teach Dietary Guideline concepts to junior and senior high school students.
=591  \\$bNAL Reclamation
=593  \\$fAgricola CAT
=650  \0$aDiet$xStudy and teaching (Secondary)$zUnited States.
=650  \0$aNutrition$xStudy and teaching (Secondary)$zUnited States.
=650  \0$aPhysical fitness$xStudy and teaching (Secondary)$zUnited States.
=651  \7$aUnited States.$2fast$0(OCoLC)fst01204155
=655  \3$aInternet resource.
=710  1\$aUnited States.$bDepartment of Agriculture.$bHuman Nutrition Information Service.$0http://id.loc.gov/authorities/names/n82043807
=830  \0$aMiscellaneous publication (United States. Department of Agriculture) ;$vno. 1490.
=856  41$uhttps://archive.org/details/dietaryguideline1490duyf
=912  \\$analcatalog
=930  \\$a20140305$b20140404$c00000000
=939  \\$a19990503$b19990512$c00000000
=945  \\$dsan$e99/04/01$fhw$g99/04/06$n1
=945  \\$p64
=945  \\$aDigiMet
=946  \\$aUSDA
=959  \\$c2013-04-02$essouder$gap
=994  \\$a92$bAGL

