=LDR  01541cam a2200457Mi 4500
=001  9915474051107426
=005  20240624180940.0
=008  950127s1875\\\\dcuf\\\\\\\\\\000\0\eng\d
=016  7\$aCAT10893641$2DNAL
=035  \\$a671819
=035  \\$a(OCoLC)71065720
=035  \\$a(DNAL)671819-naldb-Voyager
=040  \\$aAGL$beng$cAGL$dOCLCG$dOCLCQ$dAGL
=041  1\$aeng$hfre
=049  \\$aRQIB
=070  0\$a1$bAg84Sp no. 9 1875
=072  \0$aK000
=100  1\$aPlanchon, Jules-Emile,$d1823-1888.$0http://id.loc.gov/authorities/names/n94046689
=245  10$aEucalyptus globulus :$bfrom a botanic economie, and medical point of view, embracing its introduction, culture, and uses : translated from the French.
=260  \\$aWashington,$c1875.
=300  \\$apages 20, plates ;$ccm (8vo).
=336  \\$atext$btxt$2rdacontent
=337  \\$aunmediated$bn$2rdamedia
=338  \\$avolume$bnc$2rdacarrier
=490  1\$a[Publication]
=591  \\$bNAL Reclamation
=593  \\$fAgricola CAT
=650  \3$aforestry.
=655  \3$aInternet resource.
=810  1\$aUnited States.$bDepartment of Agriculture.$tPublication.
=856  41$uhttps://archive.org/details/eucalyptusglobul09plan
=911  \\$ichl00058521
=912  \\$analcatalog
=930  \\$a20140305$b20140404$c00000000
=939  \\$a20131118$b20131206$c00000000
=939  \\$a20130103$b20130201$c00000000
=945  \\$aDigiMet
=945  \\$p26
=946  \\$aOther US
=959  \\$c2013-04-02$essouder$gap
=959  \\$c2013-01-03$ejgilbert$gsubjadd
=959  \\$c2013-11-18$earojas$gde
=994  \\$a92$bAGL

