=LDR  01606cam a2200409Mi 4500
=001  9915475138207426
=005  20240620181457.0
=008  950125s1807\\\\pau\\\\\\\\\\\000\0\eng\d
=016  7\$aCAT10738706$2DNAL
=035  \\$a655372
=035  \\$a(OCoLC)71052527
=035  \\$a(DNAL)655372-naldb-Voyager
=040  \\$aAGL$beng$cAGL$dOCLCF$dOCLCO$dOCLCQ$dAGL
=049  \\$aRQIB
=070  0\$a62$bB28C
=072  \0$aF100
=110  2\$aJohn Bartram & Son (Philadelphia)
=245  12$aA catalogue of trees, shrubs and herbaceous plants, indigenous to the United States of America /$ccultivated and disposed of by John Bartram & Son, at their botanical garden, Kingsess, near Philadelphia ; to which is added a catalogue of foreign plants, collected from various parts of the globe.
=260  \\$aPhiladelphia :$bPrinted by Bartram and Reynolds,$c1807.
=300  \\$a33 pages ;$c18 cm
=336  \\$atext$btxt$2rdacontent
=337  \\$aunmediated$bn$2rdamedia
=338  \\$avolume$bnc$2rdacarrier
=591  \\$bNAL Reclamation
=593  \\$fAgricola CAT
=650  \0$aTrees.$0http://id.loc.gov/authorities/subjects/sh85137241
=650  \0$aShrubs.$0http://id.loc.gov/authorities/subjects/sh85122148
=650  \0$aBotany.$0http://id.loc.gov/authorities/subjects/sh85015976
=655  \3$aInternet resource.
=856  41$uhttps://archive.org/details/catalogueoftrees1807john
=911  \\$ichl00035750
=912  \\$analcatalog
=930  \\$a20140603$b20140704$c00000000
=939  \\$a20131106$b20131206$c00000000
=939  \\$a20111130$b20111202$c00000000
=945  \\$aDigiMet
=945  \\$p48
=946  \\$aOther US
=994  \\$a92$bAGL

