=LDR  01834cas a2200457M  4500
=001  9915475890407426
=005  20240624182325.0
=008  000919d194519uufluuu\\\\\\\\f0\\\\0eng\d
=016  7\$aCAT11082012$2DNAL
=035  \\$a855168
=035  \\$a(OCoLC)1289073135
=035  \\$a(DNAL)855168-naldb-Voyager
=040  \\$aAGL$beng$cAGL
=049  \\$aRQIC
=070  0\$a1.941$bH8V526
=110  1\$aUnited States.$bBureau of Agricultural Economics.
=245  10$aVegetable crops in Florida.
=246  1\$iTitle varies, v. 5-17, 1949-61:$aFlorida vegetable crops.$pAnnual statistical summary
=246  1\$iTitle varies, 1962- :$aFlorida agricultural statistics.$pVegetable summary
=246  30$aVegetable summary
=246  30$aAnnual statistical summary
=260  \\$aOrlando.
=362  0\$av. [1]- Dec. 1945-
=362  1\$aCeased.
=550  \\$aV. 9- 1953- issued in cooperation with U.S. Agricultural Marketing Service.
=550  \\$aIssuing office varies: v. 9- 1953- Florida. Crop and Livestock Reporting Service.
=580  \\$aDrops no. with 1962. Beginning 1962, supersedes in part Florida. Dept. of Agriculture. State Marketing Bureau. Annual agricultural statistical summary (280.39 F662A).
=591  \\$bNAL Reclamation
=593  \\$fAgricola CAT
=650  \0$aVegetables$zFlorida$xMarketing$vPeriodicals.
=655  \3$aInternet resource.
=710  2\$aFlorida Crop and Livestock Reporting Service.
=710  1\$aUnited States.$bAgricultural Marketing Service.
=785  00$aFlorida. Marketing Bureau.$tAnnual agricultural statistical summary
=856  41$uhttps://archive.org/details/usda-vegetablecropsflorida
=912  \\$analcatalog
=930  \\$a20140207$b20140307$c00000000
=939  \\$a20131121$b20131206$c00000000
=945  \\$aDigiMet
=945  \\$vpt. 1
=945  \\$p80
=945  \\$aDigiMet
=945  \\$vpt. 2
=945  \\$p114
=945  \\$aDigiMet
=945  \\$vpt. 3
=945  \\$p136
=945  \\$aDigiMet
=945  \\$vpt. 4
=945  \\$p144
=945  \\$aDigiMet
=945  \\$vpt. 5
=945  \\$p150
=945  \\$aDigiMet
=945  \\$vpt. 6
=945  \\$p140
=945  \\$aDigiMet
=945  \\$vpt. 7
=945  \\$p142
=945  \\$aDigiMet
=945  \\$vpt. 8
=945  \\$p134
=945  \\$aDigiMet
=945  \\$vpt. 9
=945  \\$p134
=945  \\$aDigiMet
=945  \\$vpt. 10
=945  \\$p120
=945  \\$aDigiMet
=945  \\$vpt. 11
=945  \\$p120
=945  \\$aDigiMet
=945  \\$vpt. 12
=945  \\$p116
=945  \\$aDigiMet
=945  \\$vpt. 13
=945  \\$p118
=945  \\$aDigiMet
=945  \\$vpt. 14
=945  \\$p116
=945  \\$aDigiMet
=945  \\$vpt. 15
=945  \\$p106
=945  \\$aDigiMet
=945  \\$vpt. 16
=945  \\$p102
=945  \\$aDigiMet
=945  \\$vpt. 17
=945  \\$p140
=945  \\$aDigiMet
=945  \\$vpt. 18
=945  \\$p142
=945  \\$aDigiMet
=945  \\$vpt. 19
=945  \\$p136
=945  \\$aDigiMet
=945  \\$vpt. 20
=945  \\$p136
=945  \\$aDigiMet
=945  \\$vpt. 21
=945  \\$p138
=945  \\$aDigiMet
=945  \\$vpt. 22
=945  \\$p138
=945  \\$aDigiMet
=945  \\$vpt. 23
=945  \\$p112
=945  \\$aDigiMet
=945  \\$vpt. 24
=945  \\$p100
=945  \\$aDigiMet
=945  \\$vpt. 25
=945  \\$p102
=945  \\$aDigiMet
=945  \\$vpt. 26
=945  \\$p88
=945  \\$aDigiMet
=945  \\$vpt. 27
=945  \\$p84
=945  \\$aDigiMet
=945  \\$vpt. 28
=945  \\$p84
=945  \\$aDigiMet
=945  \\$vpt. 29
=945  \\$p84
=945  \\$aDigiMet
=945  \\$vpt. 30
=945  \\$p84
=945  \\$aDigiMet
=945  \\$vpt. 31
=945  \\$p82
=945  \\$aDigiMet
=945  \\$vpt. 32
=945  \\$p82
=945  \\$aDigiMet
=945  \\$vpt. 33
=945  \\$p78
=945  \\$aDigiMet
=945  \\$vpt. 34
=945  \\$p82
=945  \\$aDigiMet
=945  \\$vpt. 35
=945  \\$p84
=945  \\$aDigiMet
=945  \\$vpt. 36
=945  \\$p84
=945  \\$aDigiMet
=945  \\$vpt. 37
=945  \\$p82
=945  \\$aDigiMet
=945  \\$vpt. 38
=945  \\$p80
=945  \\$aDigiMet
=945  \\$vpt. 39
=945  \\$p88
=945  \\$aDigiMet
=945  \\$vpt. 40
=945  \\$p88
=945  \\$aDigiMet
=945  \\$vpt. 41
=945  \\$p88
=945  \\$aDigiMet
=945  \\$vpt. 42
=945  \\$p90
=945  \\$aDigiMet
=945  \\$vpt. 43
=945  \\$p92
=945  \\$aDigiMet
=945  \\$vpt. 44
=945  \\$p88
=945  \\$aDigiMet
=945  \\$vpt. 45
=945  \\$p84
=945  \\$aDigiMet
=945  \\$vpt. 46
=945  \\$p84
=945  \\$aDigiMet
=945  \\$vpt. 47
=945  \\$p84
=945  \\$aDigiMet
=945  \\$vpt. 48
=945  \\$p78
=945  \\$aDigiMet
=945  \\$vpt. 49
=945  \\$p64
=945  \\$aDigiMet
=945  \\$vpt. 50
=945  \\$p76
=946  \\$aUSDA
=959  \\$c2013-11-21$ergallett$gaccadd
=994  \\$a92$bAGL

