=LDR  02200cam a2200553Ia 4500
=001  9915476477007426
=005  20240620185314.0
=008  030403s2003\\\\dcuab\\\\\\\\f000\0\eng\\
=010  \\$a  2003431606
=016  7\$aCAT11132111$2DNAL
=019  \\$a52814331
=035  \\$a898976
=035  \\$a(OCoLC)51926298$z(OCoLC)52814331
=035  \\$a(DNAL)898976-naldb-Voyager
=035  \\$z(OCoLC)52814331
=040  \\$aAGL$beng$cAGL$dOCLCQ$dDLC$dGPO$dOCLCQ$dOCLCO$dOCLCF$dOCLCO$dOCLCA$dEZC$dAGL
=043  \\$an-us---
=049  \\$aAGLL
=050  00$aS21$b.A46 no. 1588
=070  0\$a1$bAg84M no. 1588
=072  \0$aK810
=086  0\$aA 1.38:1588
=245  00$aUSDA Forest Service National Fire Plan :$bresearch & development /$c[compilers, David Shriner and Susan Barro].
=246  3\$aResearch and development
=260  \\$aWashington, DC :$bUSDA Forest Service,$c[2003]
=300  \\$a53 pages :$bcolor illustrations, color maps ;$c28 cm.
=336  \\$atext$btxt$2rdacontent
=337  \\$aunmediated$bn$2rdamedia
=338  \\$avolume$bnc$2rdacarrier
=490  1\$aMiscellaneous publication ;$v1588
=530  \\$aAlso available via Internet from Forest Service web site. Address as of 8/2/04: http://ncrs.fs.fed.us/pubs/misc/NFPR2002.pdf.
=591  \\$bNAL Reclamation
=593  \\$fAgricola CAT
=650  \0$aFire extinction$zUnited States.
=650  \0$aForest fires$zUnited States.
=650  \0$aForest fires$zUnited States$xPrevention and control.
=651  \7$aUnited States.$2fast$0(OCoLC)fst01204155
=655  \3$aInternet resource.
=700  1\$aShriner, David S.
=710  1\$aUnited States.$bForest Service.$0http://id.loc.gov/authorities/names/n79054932
=776  08$iOnline version:$tUSDA Forest Service National Fire Plan.$dWashington, DC : USDA Forest Service, [2003]$w(OCoLC)904219147
=830  \0$aMiscellaneous publication (United States. Department of Agriculture) ;$vno. 1588.
=856  41$uhttps://archive.org/details/usdaforestservic1588shri
=912  \\$analcatalog
=930  \\$a20140305$b20140404$c00000000
=939  \\$a20030508$b20030509$c00000000
=945  \\$dARS$e2003/03/26$fSES$g2003/04/03$n1
=945  \\$p64
=945  \\$aDigiMet
=946  \\$aUSDA
=994  \\$a92$bAGL

