=LDR  01539cam a2200445Ka 4500
=001  9915476989007426
=005  20240624183444.0
=008  820105s1979\\\\|||\\\\\\\\\\\00010\eng\d
=016  7\$aAGE81919030$2DNAL
=035  \\$a1219536
=035  \\$a(DNAL)1219536-naldb-Voyager
=040  \\$aAGL$dAGL
=049  \\$aAGLL
=070  0\$aaHD1751$b.U56 no.47
=072  \0$aE100
=072  \0$aX100
=100  1\$aGrant, W.R.
=245  10$aFactors affecting supply, demand, and prices of U.S. rice.
=300  \\$a58 p.
=500  \\$aAvailable from NTIS - order no. PB 293-345.
=504  \\$a7 ref.
=520  \\$aExtract: This study estimated the interrelationships of economic and institutional factors that affect supply, demand, and prices for U.S. rice. A model was developed and estimated using the three stage least squares method.
=593  \\$fAgricola CAT
=650  \3$aestimation
=650  \3$arice
=650  \3$amodels
=650  \3$asupply balance
=653  \\$afactor analysis
=655  \3$aInternet resource
=700  1\$aLeath, M.N.
=773  1\$tESCS - U.S. Dept. of Agriculture, Economics, Statistics, and Cooperatives Service.$pESCS U S Dep Agric Econ Stat Coop Serv$gMar 1979. (47)$7nnas$9iss12768
=852  \\$aDNAL$iaHD1751.U56
=856  41$uhttps://archive.org/details/factorsaffecting47gran
=912  \\$analcatalog
=930  \\$a20140812$b20140905$c00000000
=939  \\$a00000000$b19820105$c00000000
=945  \\$aAGE
=945  \\$p68
=945  \\$aDigiMet
=946  \\$aUSDA
=959  \\$c2014-08-12$essouder$gaccadd
=998  \\$aCAT78704179

