=LDR  02200cam a2200589Ia 4500
=001  9915477089207426
=005  20240624183453.0
=008  940714r19941991utua\\\\\\\\\f000\0\eng\d
=016  7\$aCAT10671486$2DNAL
=019  \\$a30829140$a1225765826
=035  \\$a617937
=035  \\$a(OCoLC)30760753$z(OCoLC)30829140$z(OCoLC)1225765826
=035  \\$a(DNAL)617937-naldb-Voyager
=035  \\$z(OCoLC)30829140$z(OCoLC)1225765826
=040  \\$aGPO$beng$cGPO$dAGL$dOCLCQ$dOCLCO$dOCLCA$dOCLCF$dOCLCA
=043  \\$an-us-nv$an-us-ut
=049  \\$aAGLL
=070  0\$aaQK494.5.P66B75$b1994
=072  \0$aF700
=072  \0$aK001
=074  \\$a0084
=086  0\$aA 13.2:B 77/994
=245  04$aThe Bristlecone pine :$bnature's oldest living thing.
=260  \\$aOgden, Utah :$bU.S. Dept. of Agriculture, Forest Service, Intermountain Region,$c[1994]
=300  \\$a1 folded sheet (4 pages) :$billustrations ;$c22 cm.
=336  \\$atext$btxt$2rdacontent
=337  \\$aunmediated$bn$2rdamedia
=338  \\$asheet$bnb$2rdacarrier
=490  1\$aLeaflet ;$v24.04.400
=591  \\$bNAL Reclamation
=593  \\$fAgricola CAT
=650  \0$aGreat Basin bristlecone pine$zNevada.
=650  \0$aRocky Mountain bristlecone pine$zNevada.
=650  \0$aGreat Basin bristlecone pine$zUtah.
=650  \0$aRocky Mountain bristlecone pine$zUtah.
=651  \7$aNevada.$2fast$0(OCoLC)fst01205660
=651  \7$aUtah.$2fast$0(OCoLC)fst01204563
=655  \3$aInternet resource.
=710  1\$aUnited States.$bForest Service.$bIntermountain Region.
=776  08$iOnline version:$tBristlecone pine.$dOgden, Utah : U.S. Dept. of Agriculture, Forest Service, Intermountain Region, [1994]$w(OCoLC)624401047
=830  \0$aLeaflet (United States. Department of Agriculture) ;$vno. 24.04.400.
=856  41$uhttps://archive.org/details/CAT10671486
=912  \\$analcatalog
=930  \\$a20180716$b20180801$c00000000
=939  \\$a20130624$b20130705$c00000000
=939  \\$a20111012$b20111104$c00000000
=939  \\$a19941102$b19941107$c00000000
=945  \\$dSS$e94/09/27$fAR$g94/10/06
=945  \\$p10
=945  \\$aDigiMet
=946  \\$aUSDA
=959  \\$c2013-06-24$essouder$gap
=959  \\$c2011-10-12$epgraves$gac
=994  \\$a92$bAGL

