=LDR  01910cam a2200517Ia 4500
=001  9915477116307426
=005  20240624183453.0
=008  940714r19941979utua\\\\\\\\\f000\0\eng\d
=016  7\$aCAT10670924$2DNAL
=035  \\$a617443
=035  \\$a(OCoLC)30760734
=035  \\$a(DNAL)617443-naldb-Voyager
=040  \\$aGPO$beng$cGPO$dAGL$dOCLCQ$dOCLCO$dOCLCA$dOCLCF$dOCLCO$dGPO$dCOF$dSFR$dUMK$dOCLCQ
=043  \\$an-us---
=049  \\$aAGLL
=070  0\$aaQL756.S73$b1994
=072  \0$aP000
=074  \\$a0084
=086  0\$aA 13.65/2:SN 1/2/994
=086  0\$aA 13.2:SN 1/2/994
=245  00$aSpare that snag.
=260  \\$aOgden, Utah :$bU.S. Dept. of Agriculture, Forest Service, Intermountain Region,$c[1994]
=300  \\$a1 sheet :$billustrations ;$c41 x 21 cm, folded to 14 x 21 cm
=336  \\$atext$btxt$2rdacontent
=337  \\$aunmediated$bn$2rdamedia
=338  \\$asheet$bnb$2rdacarrier
=490  1\$aLeaflet ;$v26.02.400
=591  \\$bNAL Reclamation
=593  \\$fAgricola CAT
=650  \0$aNest building.$0http://id.loc.gov/authorities/subjects/sh85090957
=650  \0$aWildlife conservation$zUnited States.
=651  \7$aUnited States.$2fast$0(OCoLC)fst01204155
=655  \0$aGovernment publications
=655  \3$aInternet resource.
=710  1\$aUnited States.$bForest Service.$bIntermountain Region.
=776  08$iOnline version:$tSpare that snag.$dOgden, Utah : U.S. Dept. of Agriculture, Forest Service, Intermountain Region, [1994]$w(OCoLC)624194184
=830  \0$aLeaflet (United States. Department of Agriculture) ;$vno. 26.02.400.
=856  41$uhttps://archive.org/details/CAT10670924
=912  \\$analcatalog
=930  \\$a20180905$b20181101$c00000000
=939  \\$a20130624$b20130705$c00000000
=939  \\$a19941004$b19941021$c00000000
=945  \\$dSS$e94/09/26$fJR$g94/09/28
=945  \\$p10
=945  \\$aDigiMet
=946  \\$aUSDA
=959  \\$c2013-06-24$essouder$gap
=994  \\$a92$bAGL

