=LDR  02387cam a2200613Ia 4500
=001  9915477151707426
=005  20240624183457.0
=008  811120s1979\\\\dcud\\\\\b\\\f000\0\eng\d
=016  7\$aAGE81918647$2DNAL
=019  \\$a1225649358
=035  \\$a1219543
=035  \\$a(OCoLC)05096109$z(OCoLC)1225649358
=035  \\$a(DNAL)1219543-naldb-Voyager
=035  \\$z(OCoLC)1225649358
=040  \\$aGPO$beng$cGPO$dAGL$dOCL$dOCLCQ$dOCLCF$dOCLCO$dOCLCQ$dCOD$dOCLCA$dOKS$dAGM
=043  \\$an-us---
=049  \\$aAGLL
=050  \0$aQL758$b.S7
=070  0\$aaHD1751$b.U56 no.54
=072  \0$aP000
=072  \0$aE500
=074  \\$a21-N-2
=086  0\$aA 105.25:54
=100  1\$aStuby, Richard G.$0http://id.loc.gov/authorities/names/n79072427
=245  10$aPublic attitudes toward coyote control /$cRichard G. Stuby, Edwin H. Carpenter, Louise M. Arthur.
=260  \\$aWashington, D.C. :$bU.S. Dept. of Agriculture, Economics, Statistics, and Cooperatives Service,$c1979.
=300  \\$avi, 11 pages :$b1 chart ;$c26 cm.
=336  \\$atext$btxt$2rdacontent
=337  \\$aunmediated$bn$2rdamedia
=338  \\$avolume$bnc$2rdacarrier
=490  1\$aESCS ;$v54
=504  \\$aIncludes bibliographical references (page 9).
=591  \\$bNAL Reclamation
=593  \\$fAgricola CAT
=650  \0$aCoyote$xControl$zUnited States.
=650  \3$aCanis latrans.
=650  \3$aCanis.
=650  \3$apredator control.
=651  \7$aUnited States.$2fast$0(OCoLC)fst01204155
=655  \3$aInternet resource.
=700  1\$aCarpenter, Edwin H.
=700  1\$aArthur, Louise M.
=710  1\$aUnited States.$bDepartment of Agriculture.$bEconomics, Statistics, and Cooperatives Service.$0http://id.loc.gov/authorities/names/n78006201
=776  08$iOnline version:$aStuby, Richard G.$tPublic attitudes toward coyote control.$dWashington, D.C. : U.S. Dept. of Agriculture, Economics, Statistics, and Cooperatives Service, 1979$w(OCoLC)755064366
=810  1\$aUnited States.$bDepartment of Agriculture.$bEconomics, Statistics, and Cooperatives Service.$tESCS ;$v54.
=852  \\$aDNAL$iaHD1751.U56
=856  41$uhttps://archive.org/details/publicattitudest54stub
=912  \\$analcatalog
=930  \\$a20140812$b20140905$c00000000
=939  \\$a00000000$b19811120$c00000000
=945  \\$aAGE
=945  \\$p22
=945  \\$aDigiMet
=946  \\$aUSDA
=959  \\$c2014-08-12$essouder$gaccadd
=994  \\$a92$bAGL

