=LDR  02151cam a2200577Ia 4500
=001  9915477238607426
=005  20240620191420.0
=008  941004s1992\\\\dcu\\\\\\b\\\f000\0\eng\\
=016  7\$aCAT10671432$2DNAL
=035  \\$a617844
=035  \\$a(OCoLC)31218439
=035  \\$a(DNAL)617844-naldb-Voyager
=040  \\$aAGL$beng$cAGL$dOCLCQ$dOCLCO$dOCLCA$dOCLCQ$dOCLCO$dOCLCA$dOCLCF$dOCLCA$dAGL
=043  \\$au-nz---$an-us---
=049  \\$aAGLL
=070  0\$a1$bAg84m no.1508
=072  \0$aF830
=072  \0$aF831
=072  \0$aK001
=245  00$aPest risk assessment of the importation of Pinus Radiata and Douglas-fir logs from New Zealand.
=260  \\$a[Washington, D.C.] :$bU.S. Dept. of Agriculture, Forest Service,$c[1992]
=300  \\$a1 volume (various pagings) ;$c28 cm.
=336  \\$atext$btxt$2rdacontent
=337  \\$aunmediated$bn$2rdamedia
=338  \\$avolume$bnc$2rdacarrier
=490  1\$aMiscellaneous publication ;$vno. 1508
=504  \\$aIncludes bibliographical references.
=591  \\$bNAL Reclamation
=593  \\$fAgricola CAT
=650  \0$aTimber$xDiseases and pests$xControl.
=650  \0$aTimber$zNew Zealand.
=650  \0$aLumber$xInspection$zUnited States.
=650  \0$aPinus radiata$xDiseases and pests$xControl.
=650  \0$aDouglas fir$xDiseases and pests$xControl.
=650  \0$aRisk assessment.$0http://id.loc.gov/authorities/subjects/sh87002638
=650  \3$aimports.
=650  \3$aplant health.
=651  \7$aNew Zealand.$2fast$0(OCoLC)fst01204542
=651  \7$aUnited States.$2fast$0(OCoLC)fst01204155
=655  \3$aInternet resource.
=710  1\$aUnited States.$bForest Service.$0http://id.loc.gov/authorities/names/n79054932
=830  \0$aMiscellaneous publication (United States. Department of Agriculture) ;$vno. 1508.
=856  41$uhttps://archive.org/details/pestriskassessme1508unit
=912  \\$analcatalog
=930  \\$a20140305$b20140404$c00000000
=939  \\$a20000501$b20000508$c00000000
=939  \\$a19941102$b19941107$c00000000
=939  \\$a20000412$b00000000$c00000000
=945  \\$dML$e94/10/04$fEJ$g94/10/05
=945  \\$p264
=945  \\$aDigiMet
=946  \\$aUSDA
=994  \\$a92$bAGL

