=LDR  01703cam a2200481I  4500
=001  9915477550007426
=005  20240624183550.0
=008  980131s1958\\\\dcu\\\\\\b\\\f000\0\eng\\
=010  \\$aagr58000267 
=016  7\$aCAT10841038$2DNAL
=035  \\$a807741
=035  \\$a(OCoLC)01919349
=035  \\$a(DNAL)807741-naldb-Voyager
=040  \\$aDLC$beng$cSNN$dOCL$dAGL$dOCL$dOCLCQ$dAGL$dOCLCF$dOCLCQ$dOCLCO$dOKS$dVA@$dGPO$dOCL
=043  \\$an-us---
=049  \\$aAGLL
=050  00$aHD1491.U5$bA383 no. 9
=070  0\$aA280.29$bF22I no.9
=072  \0$aE200
=086  0\$aA 89.15:9
=110  1\$aUnited States.$bFarmer Cooperative Service.$0http://id.loc.gov/authorities/names/n79086753
=245  10$aFarmer co-op publications;$blist of magazines, newspapers and newsletters.
=260  \\$a[Washington, D.C.] :$bU.S. Dept. of Agriculture, Farmer Cooperative Service,$c1958.
=300  \\$a[2], 98 pages$c24 cm.
=336  \\$atext$btxt$2rdacontent
=337  \\$aunmediated$bn$2rdamedia
=338  \\$avolume$bnc$2rdacarrier
=490  1\$aFCS Information ;$v9
=591  \\$bNAL Reclamation
=593  \\$fAgricola CAT
=650  \0$aAgriculture, Cooperative$zUnited States$xPeriodicals$vBibliography.
=651  \7$aUnited States.$2fast$0(OCoLC)fst01204155
=655  \3$aInternet resource.
=655  \7$aBibliographies.$2fast$0(OCoLC)fst01919895
=830  \0$aFCS information ;$v9.
=856  41$uhttps://archive.org/details/farmercooppublic09unit
=912  \\$analcatalog
=930  \\$a20140305$b20140404$c00000000
=939  \\$a20130131$b20130201$c00000000
=939  \\$a19980201$b19980206$c00000000
=945  \\$aDigiMet
=945  \\$p108
=946  \\$aOther US
=959  \\$c2013-01-31$ejgilbert$gap
=994  \\$a92$bAGL

