=LDR  01834cam a2200481Ia 4500
=001  9915477551907426
=005  20240620191622.0
=008  980127s1961\\\\dcua\\\\\\\\\f000\0\eng\d
=016  7\$aCAT10840731$2DNAL
=035  \\$a807445
=035  \\$a(OCoLC)31861615
=035  \\$a(DNAL)807445-naldb-Voyager
=040  \\$aCLU$beng$cCLU$dAGL$dOCLCQ$dCUV$dOCLCQ$dOCLCF$dOCLCQ$dOCLCO$dNGU$dOKS$dVA@$dGPO
=043  \\$an-us---
=049  \\$aAGLL
=070  0\$aA280.29$bF22I no.17
=072  \0$aE200
=086  0\$aA 89.15:17
=100  1\$aLeBeau, Oscar R.$0http://id.loc.gov/authorities/names/no2007145650
=245  10$aSchool-related activities of farmer cooperatives /$cby Oscar R. LeBeau.
=260  \\$a[Washington, D.C.] :$bFarmer Cooperative Service in cooperation with Federal Extension Service,$c1961.
=300  \\$a8 pages :$billustrations ;$c25 cm.
=336  \\$atext$btxt$2rdacontent
=337  \\$aunmediated$bn$2rdamedia
=338  \\$avolume$bnc$2rdacarrier
=490  1\$aInformation / Farmer Cooperative Service ;$v17
=591  \\$bNAL Reclamation
=593  \\$fAgricola CAT
=650  \0$aAgriculture, Cooperative$xStudy and teaching$zUnited States.
=650  \3$amicroeconomics.
=650  \3$afarm management.
=650  \3$aagricultural economics.
=651  \7$aUnited States.$2fast$0(OCoLC)fst01204155
=655  \3$aInternet resource.
=710  1\$aUnited States.$bFarmer Cooperative Service.$0http://id.loc.gov/authorities/names/n79086753
=710  1\$aUnited States.$bFederal Extension Service.$0http://id.loc.gov/authorities/names/n80120738
=830  \0$aFCS information ;$v17.
=856  41$uhttps://archive.org/details/schoolrelatedact17lebe
=912  \\$analcatalog
=930  \\$a20140305$b20140404$c00000000
=939  \\$a19980201$b19980206$c00000000
=945  \\$aDigiMet
=945  \\$p14
=946  \\$aOther US
=994  \\$a92$bAGL

