=LDR  01897cam a2200445Ia 4500
=001  9915477565207426
=005  20240624183603.0
=008  980131s1925\\\\dcua\\\\r\\\\f000\0\eng\d
=016  7\$aCAT10841055$2DNAL
=035  \\$a807758
=035  \\$a(OCoLC)37503777
=035  \\$a(DNAL)807758-naldb-Voyager
=040  \\$aCOF$beng$cCOF$dAGL$dOCLCQ$dOCLCG$dOCLCQ$dOCLCO$dOCLCF$dOCLCQ$dAGL
=049  \\$aAGLL
=070  0\$a1.9$bEc752W
=072  \0$aL100
=086  0\$aA 36.2/2:H 67
=100  1\$aHaas, G. C.
=245  10$aWhat makes hog prices? :$bpreliminary report : a study of prices and production over twenty years to determine what factors influence the price /$c[by G.C. Haas and M.J.B. Ezekiel].
=260  \\$aWashington, D.C. :$bU.S. Dept. of Agriculture, Bureau of Agricultural Economics, Division of Statistical and Historical Research and Farm Management and Costs,$c1925]
=300  \\$a7 pages :$billustrations ;$c26 cm
=336  \\$atext$btxt$2rdacontent
=337  \\$aunmediated$bn$2rdamedia
=338  \\$avolume$bnc$2rdacarrier
=533  \\$aPhotocopy.$b[S.l. :$cs.n.,$d19--?]$c28 cm.
=591  \\$bNAL Reclamation
=593  \\$fAgricola CAT
=650  \0$aSwine$xPrices.
=655  \3$aInternet resource.
=700  1\$aEzekiel, Mordecai,$d1899-1974.$0http://id.loc.gov/authorities/names/n86087096
=710  1\$aUnited States.$bBureau of Agricultural Economics.$bDivision of Statistical and Historical Research.$0http://id.loc.gov/authorities/names/n86096124
=710  1\$aUnited States.$bBureau of Agricultural Economics.$bDivision of Farm Management and Costs.
=856  41$uhttps://archive.org/details/whatmakeshogpric00haas
=912  \\$analcatalog
=930  \\$a20210106$b00000000$c00000000
=939  \\$a20140505$b20140606$c00000000
=939  \\$a19980201$b19980206$c00000000
=945  \\$aDigiMet
=945  \\$p20
=946  \\$aOther US
=959  \\$c2021-01-05$ecbarone$gother
=994  \\$a92$bAGL

