=LDR  01820cam a2200433Ia 4500
=001  9915477572807426
=005  20240620191627.0
=008  980126s1957\\\\dcuad\\\\b\\\f100\0\eng\d
=016  7\$aCAT10840662$2DNAL
=035  \\$a807389
=035  \\$a(OCoLC)15722448
=035  \\$a(DNAL)807389-naldb-Voyager
=040  \\$aRQF$beng$cRQF$dOCL$dIUL$dOCLCQ$dOCLCF$dOCLCO$dOCLCA$dSFR$dAGL
=049  \\$aAGLL
=050  \0$aS21$b.A46 no.745
=070  0\$a1$bAg84M no.745
=072  \0$aT100
=086  0\$aA 1.38:745
=111  2\$aNutritional Education Conference$d(1957 :$cWashington, D.C.)
=245  10$aProceedings of Nutrition Education Conference, April 1-3, 1957, Washington, D.C.
=260  \\$aWashington, D.C. :$bU.S. Dept. of Agriculture,$c1957.
=300  \\$a74 pages :$billustrations, charts ;$c26 cm.
=336  \\$atext$btxt$2rdacontent
=337  \\$aunmediated$bn$2rdamedia
=338  \\$avolume$bnc$2rdacarrier
=490  1\$aMiscellaneous publication / United States Department of Agriculture ;$vno. 745
=504  \\$aIncludes bibliographical references.
=591  \\$bNAL Reclamation
=593  \\$fAgricola CAT
=650  \0$aNutrition$xStudy and teaching.$0http://id.loc.gov/authorities/subjects/sh85093466
=655  \3$aInternet resource.
=776  08$iOnline version:$aNutritional Education Conference (1957 : Washington, D.C.).$tProceedings of Nutrition Education Conference, April 1-3, 1957, Washington, D.C.$dWashington, D.C. : U.S. Dept. of Agriculture, 1957$w(OCoLC)760189342
=830  \0$aMiscellaneous publication (United States. Department of Agriculture) ;$vno. 745.
=856  41$uhttps://archive.org/details/proceedingsofnut745nutr
=912  \\$analcatalog
=930  \\$a20140305$b20140404$c00000000
=939  \\$a19980201$b19980206$c00000000
=945  \\$aDigiMet
=945  \\$p82
=946  \\$aOther US
=994  \\$a92$bAGL

