=LDR  02018cam a22005051  4500
=001  9915525268807426
=005  20240620133020.0
=008  800401s1968\\\\pauab\\\\b\\\f000\0\eng\\
=010  \\$a   68062335 
=016  7\$aCAT10245283$2DNAL
=035  \\$a204888
=035  \\$a(OCoLC)00453624
=035  \\$a(DNAL)204888-naldb-Voyager
=040  \\$aDLC$beng$cDLC$dPHA$dMTG$dNUI$dOCLCO$dOCLCA$dOCLCF$dOCLCQ$dOCLCO$dCOD$dOCL$dOCLCA$dAGL
=043  \\$an-us-pa
=049  \\$aAGLL
=050  00$aSD144.A125$bA35 no. 8
=070  \\$aA99.9$bF7622Uf no. 8
=072  \0$a4500
=086  0\$aA 13.80:NE-8
=100  1\$aFerguson, Roland H.$0http://id.loc.gov/authorities/names/n50026904
=245  14$aThe timber resources of Pennsylvania,$cby Roland H. Ferguson.
=260  \\$a[Upper Darby, Pa.],$b[Northeastern Forest Experiment Station, U.S. Dept. of Agriculture],$c[1968]
=300  \\$a147 pages$billustrations, maps (some color)$c23 cm.
=336  \\$atext$btxt$2rdacontent
=337  \\$aunmediated$bn$2rdamedia
=338  \\$avolume$bnc$2rdacarrier
=490  1\$aU.S. Forest Service resource bulletin NE-8
=504  \\$aIncludes bibliographical references.
=591  \\$bNAL Reclamation
=593  \\$fAgricola CAT
=650  \0$aForests and forestry$zPennsylvania.
=650  \0$aForest products industry$zPennsylvania.
=650  \0$aTimber$zPennsylvania.
=651  \7$aPennsylvania.$2fast$0(OCoLC)fst01204598
=655  \3$aInternet resource.
=710  1\$aUnited States.$bDepartment of Agriculture.
=710  2\$aNortheastern Forest Experiment Station (Radnor, Pa.)
=776  08$iOnline version:$aFerguson, Roland H.$tTimber resources of Pennsylvania.$d[Upper Darby, Pa., Northeastern Forest Experiment Station, U.S. Dept. of Agriculture, 1968]$w(OCoLC)681324340
=830  \0$aU.S.D.A. Forest Service resource bulletin NE ;$v8.
=856  41$uhttps://archive.org/details/timberresourceso08ferg
=912  \\$analcatalog
=930  \\$a20140209$b00000000$c00000000
=945  \\$aDigiMet
=945  \\$p162
=946  \\$aUSDA
=994  \\$a92$bAGL

