=LDR  01993cam a2200541Ia 4500
=001  9915525272107426
=005  20240624170954.0
=008  800401s1966\\\\paua\\\\\\\\\f000\0\eng\d
=016  7\$aCAT10232600$2DNAL
=035  \\$a204371
=035  \\$a(OCoLC)449838414
=035  \\$a(DNAL)204371-naldb-Voyager
=040  \\$aMNU$beng$cMNU$dPHA$dOCLCF$dOCLCQ$dSEA$dAGM$dOCLCA$dAGL
=043  \\$an-usa--
=049  \\$aAGLL
=070  \\$aA99.9$bF7622U no. 46
=072  \0$a4500
=086  0\$aA 13.79:NE-46
=100  1\$aNiskala, George R.$0http://id.loc.gov/authorities/names/n84177599
=245  10$aCutting hardwood cants can boost sawmill profits /$c[George R. Niskala and Thomas W. Church Jr.].
=260  \\$aUpper Darby, Pa. :$bNortheastern Forest Experiment Station, Forest Service, U.S. Dept. of Agriculture,$c1966.
=300  \\$a8 pages :$billustrations ;$c25 cm.
=336  \\$atext$btxt$2rdacontent
=337  \\$aunmediated$bn$2rdamedia
=338  \\$avolume$bnc$2rdacarrier
=490  1\$aU.S. Forest Service research note ;$vNE-46
=530  \\$aAlso available online.
=591  \\$bNAL Reclamation
=593  \\$fAgricola CAT
=650  \0$aSawmills$xEconomic aspects.
=650  \0$aLogging$xEconomic aspects.
=650  \0$aLogging$xTechnological innovations.$0http://id.loc.gov/authorities/subjects/sh85078100
=650  \0$aHardwood industry$zAppalachian Region.
=650  \3$ahardwood.
=650  \3$asawmills.
=650  \3$aprofits and margins.
=651  \7$aAppalachian Region.$2fast$0(OCoLC)fst01240092
=655  \3$aInternet resource.
=700  1\$aChurch, Thomas W.$q(Thomas Wright)
=710  2\$aNortheastern Forest Experiment Station (Radnor, Pa.)
=830  \0$aForest Service research note NE ;$v46.
=856  41$uhttps://archive.org/details/cuttinghardwoodc46nisk
=912  \\$analcatalog
=930  \\$a20140116$b00000000$c00000000
=945  \\$aDigiMet
=945  \\$p12
=946  \\$aUSDA
=959  \\$c2014-01-15$essouder$gurl
=959  \\$c2014-01-16$earojas$gap
=994  \\$a92$bAGL

