=LDR  01993cam a2200505 a 4500
=001  9915525280207426
=005  20240624170958.0
=008  800401s1968\\\\orua\\\\\b\\\f000\0\eng\d
=016  7\$aCAT10245171$2DNAL
=035  \\$a204672
=035  \\$a(OCoLC)59825716
=035  \\$a(DNAL)204672-naldb-Voyager
=040  \\$aORE$beng$cORE$dOCL$dMTG$dNUI$dOCLCQ$dOCLCF$dAGM$dWURST$dOCLCQ$dAGL
=043  \\$an-us-wa
=049  \\$aAGLL
=050  \0$aSD143$b.U51 no.84
=070  \\$aA99.9$bF7625U no. 84
=072  \0$a4500
=086  0\$aA 13.79:PNW-84
=100  1\$aCrouch, Glenn LeRoy,$d1929-$0http://id.loc.gov/authorities/names/n77018443
=245  10$aSpring-season deer browsing of Douglas-fir on the Capitol Forest in western Washington /$cby Glenn L. Crouch.
=260  \\$a[Portland, Or.] :$bPacific Northwest Forest and Range Experiment Station, U.S. Forest Service,$c[1968]
=300  \\$a8 pages :$billustrations ;$c28 cm
=336  \\$atext$btxt$2rdacontent
=337  \\$aunmediated$bn$2rdamedia
=338  \\$avolume$bnc$2rdacarrier
=490  1\$aU.S. Forest Service research note PNW ;$v84
=504  \\$aIncludes bibliographical references.
=591  \\$bNAL Reclamation
=593  \\$fAgricola CAT
=650  \0$aDeer$xFood$zWashington (State)$zCapitol State Forest.
=650  \0$aDouglas fir$xEffect of browsing on$zWashington (State)$zCapitol State Forest.
=650  \3$aPseudotsuga menziesii.
=650  \3$adeer.
=651  \3$aWashington (state)
=651  \7$aWashington (State)$zCapitol State Forest.$2fast$0(OCoLC)fst01292490
=655  \3$aInternet resource.
=710  2\$aPacific Northwest Forest and Range Experiment Station (Portland, Or.)$0http://id.loc.gov/authorities/names/n80126131
=830  \0$aU.S. Forest Service research note PNW ;$v84.
=856  41$uhttps://archive.org/details/springseasondeer84crou
=912  \\$analcatalog
=930  \\$a20140506$b00000000$c00000000
=945  \\$aDigiMet
=945  \\$p12
=946  \\$aUSDA
=959  \\$c2014-05-06$earojas$gap
=994  \\$a92$bAGL

