=LDR  01037cam a2200337M  4500
=001  9915525296407426
=005  20240624170957.0
=008  800401s1966\\\\oru\\\\\\\\\\\000\0\eng\d
=016  7\$aCAT10232441$2DNAL
=035  \\$a204064
=035  \\$a(OCoLC)1289102064
=035  \\$a(DNAL)204064-naldb-Voyager
=040  \\$aAGL$beng$cAGL
=049  \\$aAGLL
=070  \\$aA99.9$bF7625U no. 42
=072  \0$a1500
=100  1\$aLysons, Hilton H.
=245  10$aCompatibility of ballon fabrics with ammonia.
=260  \\$aPortland, Or.,$c1966.
=300  \\$a9 p.
=490  1\$aU.S. Forest Service. Pacific Northwest Forest Experiment Station. U.S. Forest Service research note PNW-42
=591  \\$bNAL Reclamation
=593  \\$fAgricola CAT
=655  \3$aInternet resource.
=810  2\$aU.S. Forest Service research note.$vPNW-42.
=856  41$uhttps://archive.org/details/compatibilityofb42lyso
=912  \\$analcatalog
=930  \\$a20140506$b00000000$c00000000
=945  \\$aDigiMet
=945  \\$p14
=946  \\$aUSDA
=959  \\$c2014-05-06$earojas$gap
=994  \\$a92$bAGL

