=LDR  01956cam a2200541Ia 4500
=001  9915525300107426
=005  20240624171001.0
=008  800401s1968\\\\orua\\\\\b\\\f000\0\eng\d
=016  7\$aCAT10245310$2DNAL
=035  \\$a204941
=035  \\$a(OCoLC)44917436
=035  \\$a(DNAL)204941-naldb-Voyager
=040  \\$aZ@7$beng$cZ@7$dOCLCQ$dXFF$dNUI$dOCLCF$dOCLCQ$dSEA$dAGM$dWURST$dAGL
=043  \\$an-usp--
=049  \\$aAGLL
=070  \\$aA99.9$bF7625U no. 80
=072  \0$a4500
=086  0\$aA 13.79:PNW-80
=100  1\$aFranklin, Jerry F.$0http://id.loc.gov/authorities/names/n79099276
=245  10$aTwo tests of white pine, true fir, and Douglas-fir seedspotting in the Cascade Range /$cby Jerry F. Franklin and John Hoffman.
=260  \\$aPortland, Or. :$bForest Service, U.S. Dept. of Agriculture, Pacific Northwest Forest and Range Experiment Station,$c[1968]
=300  \\$a11 pages ;$c27 cm.
=336  \\$atext$btxt$2rdacontent
=337  \\$aunmediated$bn$2rdamedia
=338  \\$avolume$bnc$2rdacarrier
=490  1\$aU.S. Forest Service research note PNW ;$v80
=504  \\$aIncludes bibliographical references.
=591  \\$bNAL Reclamation
=593  \\$fAgricola CAT
=650  \0$aWhite pine$zCascade Range.
=650  \0$aFir$zCascade Range.
=650  \0$aDouglas fir$zCascade Range.
=650  \0$aReforestation$zCascade Range.
=650  \0$aExperimental forests$zCascade Range.
=650  \3$aPinus monticola.
=650  \3$aAbies procera.
=650  \3$aAbies magnifica.
=650  \3$aPseudotsuga menziesii.
=651  \7$aNorth America$zCascade Range.$2fast$0(OCoLC)fst01244212
=655  \3$aInternet resource.
=700  1\$aHoffman, John.
=830  \0$aU.S. Forest Service research note PNW ;$v80.
=856  41$uhttps://archive.org/details/twotestsofwhitep80fran
=912  \\$analcatalog
=930  \\$a20170308$b00000000$c00000000
=945  \\$aDigiMet
=945  \\$p16
=946  \\$aUSDA
=959  \\$c2014-05-06$earojas$gap
=994  \\$a92$bAGL

