=LDR  01855cam a2200505Ia 4500
=001  9915525304907426
=005  20240624170955.0
=008  800401s1968\\\\paua\\\\\\\\\f000\0\eng\d
=016  7\$aCAT10245312$2DNAL
=035  \\$a204946
=035  \\$a(OCoLC)311601484
=035  \\$a(DNAL)204946-naldb-Voyager
=040  \\$aMTG$beng$cMTG$dMTG$dNUI$dOCLCA$dPHA$dOCLCF$dOCLCQ$dSEA$dAGM$dOCLCA$dAGL
=049  \\$aAGLL
=070  \\$aA99.9$bF7622U no. 80
=072  \0$a5000
=086  0\$aA 13.79:NE-80
=100  1\$aFrayer, Warren E.
=245  12$aA computer program for making S-contrasts involving linear combinations of group means /$c[Warren E. Frayer].
=260  \\$aUpper Darby, Pa. :$bNortheastern Forest Experiment Station, Forest Service, U.S. Dept. of Agriculture,$c1968.
=300  \\$a6 pages :$billustrations ;$c25 cm.
=336  \\$atext$btxt$2rdacontent
=337  \\$aunmediated$bn$2rdamedia
=338  \\$avolume$bnc$2rdacarrier
=490  1\$aU.S. Forest Service research note ;$vNE-80
=530  \\$aAlso available online.
=530  \\$aAlso available on the Internet.
=591  \\$bNAL Reclamation
=593  \\$fAgricola CAT
=650  \0$aForests and forestry$xMathematics$xComputer programs.
=650  \0$aFORTRAN IV (Computer program language)$0http://id.loc.gov/authorities/subjects/sh89003272
=650  \3$avariance.
=650  \3$astatistics.
=650  \3$acomputer software.
=655  \3$aInternet resource.
=710  2\$aNortheastern Forest Experiment Station (Radnor, Pa.)
=830  \0$aForest Service research note NE ;$v80.
=856  41$uhttps://archive.org/details/computerprogramf80fray
=912  \\$analcatalog
=930  \\$a20140117$b00000000$c00000000
=945  \\$aDigiMet
=945  \\$p12
=946  \\$aUSDA
=959  \\$c2014-01-15$essouder$gurl
=959  \\$c2014-01-16$earojas$gap
=959  \\$c2014-01-17$earojas$gap
=994  \\$a92$bAGL

