=LDR  01878cam a2200469 a 4500
=001  9915525310007426
=005  20240624171016.0
=008  800401s1968\\\\oruab\\\\b\\\f000\0\eng\d
=016  7\$aCAT10245006$2DNAL
=035  \\$a204354
=035  \\$a(OCoLC)60686307
=035  \\$a(DNAL)204354-naldb-Voyager
=040  \\$aORE$beng$cORE$dORE$dMIN$dOCLCF$dOCLCO$dOCLCQ$dAGM$dWURST$dOCLCQ$dAGL
=049  \\$aAGLL
=050  \0$aSD143$b.U51 no.87
=070  \\$aA99.9$bF7625U no. 87
=072  \0$a4500
=086  0\$aA 13.79:PNW-87
=100  1\$aBinkley, Virgil W.$0http://id.loc.gov/authorities/names/no2009018748
=245  13$aAn operational test of a natural-shaped logging balloon /$cby Virgil W. Binkley and Ward W. Carson.
=260  \\$a[Portland, Or.] :$bPacific Northwest Forest and Range Experiment Station, U.S. Forest Service,$c[1968]
=300  \\$a8 pages :$billustrations ;$c28 cm
=336  \\$atext$btxt$2rdacontent
=337  \\$aunmediated$bn$2rdamedia
=338  \\$avolume$bnc$2rdacarrier
=490  1\$aU.S. Forest Service research note PNW ;$v87
=504  \\$aIncludes bibliographical references.
=591  \\$bNAL Reclamation
=593  \\$fAgricola CAT
=650  \0$aBalloon logging.$0http://id.loc.gov/authorities/subjects/sh2005004026
=650  \0$aBalloons.$0http://id.loc.gov/authorities/subjects/sh85011324
=650  \3$alogging.
=655  \3$aInternet resource.
=700  1\$aCarson, Ward W.$0http://id.loc.gov/authorities/names/n82208749
=710  2\$aPacific Northwest Forest and Range Experiment Station (Portland, Or.)$0http://id.loc.gov/authorities/names/n80126131
=830  \0$aU.S. Forest Service research note PNW ;$v87.
=856  41$uhttps://archive.org/details/operationaltesto87bink
=912  \\$analcatalog
=930  \\$a20140506$b00000000$c00000000
=945  \\$aDigiMet
=945  \\$p12
=946  \\$aUSDA
=959  \\$c2014-05-06$earojas$gap
=994  \\$a92$bAGL

