=LDR  01971cam a2200529 a 4500
=001  9915525313407426
=005  20240624171017.0
=008  800401s1968\\\\oru\\\\\\b\\\f000\0\eng\d
=016  7\$aCAT10245136$2DNAL
=035  \\$a204604
=035  \\$a(OCoLC)59825016
=035  \\$a(DNAL)204604-naldb-Voyager
=040  \\$aORE$beng$cORE$dOCL$dMTG$dOCLCA$dOCLCQ$dOCLCO$dOCLCF$dOCLCO$dAGM$dOCLCA$dWURST$dOCLCQ$dOCLCO$dAGL
=043  \\$an-us-or
=049  \\$aAGLL
=050  \0$aSD143$b.U51 no.82
=070  \\$aA99.9$bF7625U no. 82
=072  \0$a8000
=086  0\$aA 13.79:PNW-82
=100  1\$aCochran, P. H.$0http://id.loc.gov/authorities/names/n82208377
=245  10$aCan thinning slash cause a nitrogen deficiency in pumice soils of central Oregon? /$cby P.H. Cochran.
=260  \\$a[Portland, Or.] :$bPacific Northwest Forest and Range Experiment Station, U.S. Forest Service,$c[1968]
=300  \\$a11 pages ;$c28 cm
=336  \\$atext$btxt$2rdacontent
=337  \\$aunmediated$bn$2rdamedia
=338  \\$avolume$bnc$2rdacarrier
=490  1\$aU.S. Forest Service research note PNW ;$v82
=504  \\$aIncludes bibliographical references (page 11).
=591  \\$bNAL Reclamation
=593  \\$fAgricola CAT
=650  \0$aVolcanic ash, tuff, etc.$xNitrogen content$zOregon.
=650  \0$aSoils$xNitrogen content$zOregon.
=650  \0$aSlash (Logging)$zOregon.
=650  \3$aslash.
=650  \3$anitrogen.
=650  \3$anutrient deficiencies.
=651  \3$aOregon
=651  \7$aOregon.$2fast$0(OCoLC)fst01204579
=655  \3$aInternet resource.
=710  2\$aPacific Northwest Forest and Range Experiment Station (Portland, Or.)$0http://id.loc.gov/authorities/names/n80126131
=830  \0$aU.S. Forest Service research note PNW ;$v82.
=856  41$uhttps://archive.org/details/canthinningslash82coch
=912  \\$analcatalog
=930  \\$a20140506$b00000000$c00000000
=945  \\$aDigiMet
=945  \\$p16
=946  \\$aUSDA
=959  \\$c2014-05-06$earojas$gap
=994  \\$a92$bAGL

