=LDR  02167cam a2200457Ia 4500
=001  9915525316007426
=005  20240624171018.0
=008  800401s1967\\\\laua\\\\\b\\\f100\0\eng\d
=016  7\$aCAT10245146$2DNAL
=035  \\$a204624
=035  \\$a(OCoLC)09336157
=035  \\$a(DNAL)204624-naldb-Voyager
=040  \\$aAFU$beng$cAFU$dOCL$dOCLCQ$dAGL$dOCLCF$dOCLCQ$dOCLCO$dOCL$dOCLCO$dOKS$dOCLCA
=049  \\$aAGLL
=050  \0$aS540.A2$bU5 no.55
=070  0\$aA381$bR31 no. 55
=072  \0$a4000
=111  2\$aConference of Directors and Collaborators of Southern Agricultural Experiment Stations on Advances in Food Processing$d(1965 :$cNew Orleans, La.)
=245  10$aProceedings of the Conference of Directors and Collaborators of Southern Agricultural Experiment Stations on Advances in Food Processing :$bheld at New Orleans, Louisiana, March 22 to 24, 1965 /$cAgricultural Research Service, United States Department of Agriculture.
=260  \\$aNew Orleans, La. :$bU.S. Dept. of Agriculture, Agricultural Research Service, Southern Utilization Research & Development Division,$c[1967]
=300  \\$aii, 131 pages :$billustrations ;$c27 cm.
=336  \\$atext$btxt$2rdacontent
=337  \\$aunmediated$bn$2rdamedia
=338  \\$avolume$bnc$2rdacarrier
=490  1\$aUnited States Agricultural Research Service. ARS 72-55
=504  \\$aIncludes bibliographical references.
=591  \\$bNAL Reclamation
=593  \\$fAgricola CAT
=650  \0$aFood industry and trade$vCongresses.
=655  \3$aInternet resource.
=655  \7$aConference papers and proceedings.$2fast$0(OCoLC)fst01423772
=710  1\$aUnited States.$bAgricultural Research Service.$bSouthern Utilization Research and Development Division.$0http://id.loc.gov/authorities/names/n84046610
=830  \0$aARS (Series) (United States. Agricultural Research Service) ;$v72-55.
=856  41$uhttps://archive.org/details/proceedingsofcon7255conf
=912  \\$analcatalog
=930  \\$a20140115$b20140207$c00000000
=939  \\$a20130315$b20130404$c00000000
=945  \\$aDigiMet
=945  \\$p140
=946  \\$aUSDA
=959  \\$c2014-01-15$essouder$gurl
=959  \\$c2013-03-15$ejgilbert$gupgrade
=994  \\$a92$bAGL

