=LDR  01762cam a2200457 a 4500
=001  9915525316607426
=005  20240624171018.0
=008  800401s1966\\\\dcua\\\\\\\\\f000\0\eng\d
=016  7\$aCAT10232503$2DNAL
=035  \\$a204184
=035  \\$a(OCoLC)825823356
=035  \\$a(DNAL)204184-naldb-Voyager
=040  \\$aMUU$beng$cMUU$dOCLCO$dOCLCF$dOCLCQ$dAGL$dOCLCQ
=049  \\$aAGLL
=070  0\$aA56.9$bR31 no. 124
=072  \0$a8500
=086  0\$aA 77.15:ARS-41-124
=100  1\$aMcGuinness, J. L.$q(James L.),$d1917-$0http://id.loc.gov/authorities/names/no99016328
=245  10$aComparison of lysimeter catch and rain gage catch /$c[J.L. McGuinness.
=260  \\$aWashington, D.C.] :$bU.S. Dept. of Agriculture,$c1966.
=300  \\$a9 pages :$billustrations ;$c26 cm
=336  \\$atext$btxt$2rdacontent
=337  \\$aunmediated$bn$2rdamedia
=338  \\$avolume$bnc$2rdacarrier
=490  1\$aARS ;$v41-124
=530  \\$aAlso available on the Internet.
=591  \\$bNAL Reclamation
=593  \\$fAgricola CAT
=650  \0$aLysimeter.$0http://id.loc.gov/authorities/subjects/sh85079187
=650  \0$aRain gauges.$0http://id.loc.gov/authorities/subjects/sh85111195
=655  \3$aInternet resource.
=710  1\$aUnited States.$bAgricultural Research Service.$bSoil and Water Conservation Research Division.$0http://id.loc.gov/authorities/names/n83008026
=830  \0$aARS (Series) (United States. Agricultural Research Service) ;$v41-124.
=856  41$uhttps://archive.org/details/comparisonoflysi12mcgu
=912  \\$analcatalog
=930  \\$a20201021$b00000000$c00000000
=939  \\$a20131022$b20131101$c00000000
=945  \\$aDigiMet
=945  \\$p16
=946  \\$aUSDA
=959  \\$c2013-10-22$essouder$gurl
=959  \\$c2020-10-21$ecbarone$gother
=994  \\$a92$bAGL

