=LDR  01900cam a2200469Ia 4500
=001  9915525325807426
=005  20240624171014.0
=008  800401s1968\\\\laua\\\\\b\\\f100\0\eng\d
=016  7\$aCAT10245154$2DNAL
=035  \\$a204639
=035  \\$a(OCoLC)17253747
=035  \\$a(DNAL)204639-naldb-Voyager
=040  \\$aPCT$beng$cPCT$dOCL$dOCLCQ$dAGL$dOCLCF$dOCLCQ$dOCL$dKUK
=049  \\$aAGLL
=050  \0$aS21$b.A13 no.72-64
=070  0\$aA381$bR31 no. 64
=072  \0$a1500
=086  0\$aA 77.15:72-64
=111  2\$aConference on the Vapor Phase Finishing of Cotton$d(1967 Feb. 24 :$cNew Orleans, La.)
=245  10$aProceedings of conference on the vapor-phase finishing of cotton :$bheld February 24, 1967 at New Orleans, La. /$cAgricultural Research Service, United States Department of Agriculture.
=260  \\$aNew Orleans, LA :$bAgricultural Research Service, Southern Utilization Research & Development Division,$c1968.
=300  \\$aii, 68 pages :$billustrations ;$c27 cm.
=336  \\$atext$btxt$2rdacontent
=337  \\$aunmediated$bn$2rdamedia
=338  \\$avolume$bnc$2rdacarrier
=490  1\$aARS 72 ;$v64
=504  \\$aIncludes bibliographical references.
=591  \\$bNAL Reclamation
=593  \\$fAgricola CAT
=650  \0$aCotton finishing$vCongresses.
=655  \3$aInternet resource.
=655  \7$aConference papers and proceedings.$2fast$0(OCoLC)fst01423772
=710  1\$aUnited States.$bAgricultural Research Service.$bSouthern Utilization Research and Development Division.$0http://id.loc.gov/authorities/names/n84046610
=830  \0$aARS 72 ;$v64.
=856  41$uhttps://archive.org/details/proceedingsofcon7264conf
=912  \\$analcatalog
=930  \\$a20140115$b20140207$c00000000
=939  \\$a20130314$b20130404$c00000000
=945  \\$aDigiMet
=945  \\$p78
=946  \\$aUSDA
=959  \\$c2014-01-15$essouder$gurl
=959  \\$c2013-03-14$ejgilbert$gupgrade
=994  \\$a92$bAGL

