=LDR  02019cam a2200457Ma 4500
=001  9915525326507426
=005  20240624171016.0
=008  800401s1968\\\\laua\\\\\b\\\f100\0\eng\d
=016  7\$aCAT10245147$2DNAL
=035  \\$a204626
=035  \\$a(OCoLC)1289042340
=035  \\$a(DNAL)204626-naldb-Voyager
=040  \\$aAGL$beng$cAGL
=043  \\$an-usu--
=049  \\$aAGLL
=070  0\$aA381$bR31 no. 65
=072  \0$a7500
=111  2\$aConference of Directors and Collaborators of Southern Agricultural Experiment Stations on Export Possibilities for Southern Agricultural Products$d(1967 :$cNew Orleans, La.)
=245  10$aProceedings of the Conference of Directors and Collaborators of Southern Agricultural Experiment Stations on Export Possibilities for Southern Agricultural Products :$bheld at New Orleans, La., March 30 and 31, 1967 /$cAgricultural Research Service, U.S. Department of Agriculture.
=260  \\$aNew Orleans, La. :$bU.S. Dept. of Agriculture, Agricultural Research Service, Southern Utilization Research & Development Division,$c[1968]
=300  \\$aiv, 92 p. :$bill.
=490  1\$aU.S. Agricultural Research Service. ARS 72-65
=504  \\$aIncludes bibliographies.
=591  \\$bNAL Reclamation
=593  \\$fAgricola CAT
=650  \0$aAgriculture$zSouthern States$vCongresses.
=650  \0$aFood industry and trade$zSouthern States$vCongresses.
=650  \0$aProduce trade$zSouthern States$vCongresses.
=655  \3$aInternet resource.
=710  1\$aUnited States.$bAgricultural Research Service.$bSouthern Utilization Research and Development Division.
=830  \0$aARS 72 ;$v65.
=856  41$uhttps://archive.org/details/proceedingsofcon7265conf
=912  \\$analcatalog
=930  \\$a20140115$b20140207$c00000000
=939  \\$a20130315$b20130404$c00000000
=945  \\$aDigiMet
=945  \\$p104
=946  \\$aUSDA
=959  \\$c2014-01-15$essouder$gurl
=959  \\$c2013-03-14$ejgilbert$gaccadd
=959  \\$c2013-03-14$ejgilbert$gde
=959  \\$c2013-03-14$ejgilbert$gsubjadd
=994  \\$a92$bAGL

