=LDR  01354cam a2200409Ma 4500
=001  9915525328507426
=005  20240624171020.0
=008  800401s1966\\\\dcua\\\\\b\\\f000\0\eng\d
=016  7\$aCAT10245018$2DNAL
=035  \\$a204376
=035  \\$a(OCoLC)1289012714
=035  \\$a(DNAL)204376-naldb-Voyager
=040  \\$aAGL$beng$cAGL
=049  \\$aAGLL
=070  0\$aA381$bR31 no. 46
=072  \0$a1500
=245  00$aBlends of chemically treated cotton fibers with untreated cotton fibers to improve abrasion resistance of durable press garments.
=260  \\$a[Washington] :$bAgricultural Research Service, United States Department of Agriculture,$c[1966]
=300  \\$a11 p. :$bill.
=490  1\$aU.S. Agricultural Research Service. ARS 72-46
=504  \\$aBibliography: p. 11.
=591  \\$bNAL Reclamation
=593  \\$fAgricola CAT
=650  \0$aCotton textiles.
=650  \0$aCotton manufacture.
=655  \3$aInternet resource.
=700  1\$aKnoepfler, Nestor B.
=830  \0$aARS 72 ;$v46.
=856  41$uhttps://archive.org/details/blendsofchemical7246knoe
=912  \\$analcatalog
=930  \\$a20140115$b20140207$c00000000
=939  \\$a20130314$b20130404$c00000000
=945  \\$aDigiMet
=945  \\$p20
=946  \\$aUSDA
=959  \\$c2014-01-15$essouder$gurl
=959  \\$c2013-03-14$ejgilbert$gsubjadd
=959  \\$c2013-03-14$ejgilbert$gde
=994  \\$a92$bAGL

