=LDR  02388cam a2200589   4500
=001  9915525391807426
=005  20240624172120.0
=008  800401s1968\\\\dcu\\\\\\b\\\f000\0\eng\c
=010  \\$aagr68000307 
=016  7\$aCAT10245034$2DNAL
=035  \\$a204406
=035  \\$a(OCoLC)00035409
=035  \\$a(DNAL)204406-naldb-Voyager
=040  \\$aU.S. Nat'l Agr. Libr.$beng$cDLC$dOCLCQ$dIWA$dBTCTA$dOCLCO$dOCLCF$dOCLCQ$dCOD$dOKS$dOCLCA$dAGL
=049  \\$aAGLL
=070  0\$aA420$bR31 no. 129
=072  \0$a3500
=086  0\$aA 77.15:33-129
=100  1\$aBořkovec, A. B.$q(Alexej B.),$d1925-$0http://id.loc.gov/authorities/names/n83122041
=245  10$aAziridinyl chemosterilants for house flies,$cby A.B. Bořkovec, R.L. Fye, and G.C. LaBrecque.
=260  \\$a[Washington]$c1968.
=300  \\$a60 pages$c26 cm.
=336  \\$atext$btxt$2rdacontent
=337  \\$aunmediated$bn$2rdamedia
=338  \\$avolume$bnc$2rdacarrier
=490  1\$aUnited States. Agricultural Research Service. ARS$v33-129
=504  \\$aIncludes bibliographical references (page 8).
=530  \\$aAlso available on the Internet.
=591  \\$bNAL Reclamation
=593  \\$fAgricola CAT
=650  \0$aHousefly$xControl.$0http://id.loc.gov/authorities/subjects/sh85062573
=650  \0$aInsect chemosterilization.$0http://id.loc.gov/authorities/subjects/sh85066642
=650  \3$achemosterilants.
=650  \3$aMusca domestica.
=655  \3$aInternet resource.
=700  1\$aFye, R. L.,$eauthor.
=700  1\$aLaBrecque, G. C.$q(Germain Claude),$d1922-$eauthor.$0http://id.loc.gov/authorities/names/no2007109778
=710  1\$aUnited States.$bAgricultural Research Service.
=776  08$iOnline version:$aBořkovec, A.B. (Alexej B.), 1925-$tAziridinyl chemosterilants for house flies.$d[Washington] 1968$w(OCoLC)643845854
=830  \0$aARS (Series) (United States. Agricultural Research Service) ;$v33-129.
=856  41$uhttps://archive.org/details/aziridinylchemos129alex
=912  \\$analcatalog
=930  \\$a20201021$b00000000$c00000000
=938  \\$aBaker and Taylor$bBTCP$nagr68000307
=939  \\$a20140411$b20140502$c00000000
=939  \\$a20131022$b20131101$c00000000
=939  \\$a20130628$b20130705$c00000000
=945  \\$aDigiMet
=945  \\$p66
=946  \\$aUSDA
=959  \\$c2013-10-22$essouder$gurl
=959  \\$c2013-06-28$earojas$gap
=959  \\$c2020-10-21$ecbarone$gother
=994  \\$a92$bAGL

