=LDR  01997cam a2200517Ia 4500
=001  9915525398207426
=005  20240624172121.0
=008  800401s1968\\\\dcua\\\\\\\\\f000\0\eng\d
=016  7\$aCAT10245158$2DNAL
=035  \\$a204647
=035  \\$a(OCoLC)67292454
=035  \\$a(DNAL)204647-naldb-Voyager
=040  \\$aIWA$beng$cIWA$dOCLCF$dOCLCO$dOCLCQ$dCOD$dOCLCA$dAGL
=049  \\$aAGLL
=050  \0$aQ185$bC66x 1968
=070  0\$aA420$bR31 no. 131
=072  \0$a3000
=086  0\$aA 77.15:33-131
=100  1\$aAnderson, G. R.
=245  00$aConversion of a standard refrigerator to a biological incubator /$cby G.R. Anderson [and others].
=260  \\$a[Washington, D.C.] :$bU.S. Dept. of Agriculture, Agricultural Research Service,$c[1968]
=300  \\$a11 pages :$billustrations ;$c26 cm.
=336  \\$atext$btxt$2rdacontent
=337  \\$aunmediated$bn$2rdamedia
=338  \\$avolume$bnc$2rdacarrier
=490  1\$aARS 33-131
=530  \\$aAlso available on the Internet.
=591  \\$bNAL Reclamation
=593  \\$fAgricola CAT
=650  \0$aLaboratories$xEquipment and supplies.
=650  \0$aIncubators.$0http://id.loc.gov/authorities/subjects/sh85064807
=650  \0$aRefrigerators.$0http://id.loc.gov/authorities/subjects/sh85112294
=655  \3$aInternet resource.
=700  1\$aJohnson, S. W.
=700  1\$aMelanson, H. G.
=700  1\$aSchmidt, C. H.
=710  1\$aUnited States.$bAgricultural Research Service.
=776  08$iOnline version:$tConversion of a standard refrigerator to a biological incubator.$d[Washington, D.C.] : U.S. Dept. of Agriculture, Agricultural Research Service, [1968]$w(OCoLC)626795130
=830  \0$aARS (Series) (United States. Agricultural Research Service) ;$v33-131.
=856  41$uhttps://archive.org/details/conversionofstan131ande
=912  \\$analcatalog
=930  \\$a20201021$b00000000$c00000000
=945  \\$aDigiMet
=945  \\$p16
=946  \\$aUSDA
=959  \\$c2013-10-22$essouder$gurl
=959  \\$c2020-10-21$ecbarone$gother
=994  \\$a92$bAGL

