=LDR  01375cam a2200421M  4500
=001  9915525398807426
=005  20240624172123.0
=008  800401s1966\\\\xx\\\\\\\\\\\f000\0\eng\d
=016  7\$aCAT10232792$2DNAL
=035  \\$a204742
=035  \\$a(OCoLC)631084439
=035  \\$a(DNAL)204742-naldb-Voyager
=040  \\$aU3G$beng$cU3G$dOCLCO$dOCLCQ
=049  \\$aAGLL
=070  0\$aA56.9$bR31 no. 123
=072  \0$a8000
=110  1\$aUnited States.$bAgricultural Research Service.$bSoil and Water Conservation Research Division.$0http://id.loc.gov/authorities/names/n83008026
=245  10$aDeep-Tillage Investigations on Alluvial Soil in the Sugarcane Area of Louisiana.
=260  \\$c1966.
=300  \\$a21 pages.
=336  \\$atext$btxt$2rdacontent
=337  \\$aunmediated$bn$2rdamedia
=338  \\$avolume$bnc$2rdacarrier
=490  1\$aUSDA Ars.$v41-123
=530  \\$aAlso available on the Internet.
=591  \\$bNAL Reclamation
=700  1\$aDavidson, Lester G.
=700  1\$aLund, Zane F.
=700  1\$aSaveson, Irwin L.
=830  \0$aUSDA Ars. ;$v41-123.
=856  41$uhttps://archive.org/details/deeptillageinves12save
=912  \\$analcatalog
=930  \\$a20201021$b00000000$c00000000
=939  \\$a20131022$b20131101$c00000000
=945  \\$aDigiMet
=945  \\$p28
=946  \\$aUSDA
=959  \\$c2013-10-22$essouder$gurl
=959  \\$c2020-10-21$ecbarone$gother
=994  \\$a92$bAGL

