=LDR  02017cam a2200481Ia 4500
=001  9915525409707426
=005  20240624172121.0
=008  800401s1966\\\\laua\\\\\b\\\f100\0\eng\\
=016  7\$aCAT10245130$2DNAL
=035  \\$a204592
=035  \\$a(OCoLC)729353839
=035  \\$a(DNAL)204592-naldb-Voyager
=040  \\$aAU@$beng$cAU@$dAGL$dOCLCF$dOCL$dOCLCQ$dKUK
=049  \\$aAGLL
=070  0\$aA381$bR31 no. 51
=072  \0$a1500
=086  0\$aA 77.15:72-51
=111  2\$aCitrus Chemistry and Utilization Conference$d(1965 :$cWinter Haven, Fla.)
=245  10$aProceedings of the Citrus Chemistry and Utilization Conference :$bheld at Winter Haven, Fla., October 13, 1965 /$cAgricultural Research Service, United States Department of Agriculture.
=260  \\$aNew Orleans, La. :$bUnited States Dept. of Agriculture, Agricultural Research Service, Southern Utilization Research & Development Division,$c[1966]
=300  \\$aii, 31 pages :$billustrations ;$c27 cm.
=336  \\$atext$btxt$2rdacontent
=337  \\$aunmediated$bn$2rdamedia
=338  \\$avolume$bnc$2rdacarrier
=490  1\$aU.S. Agricultural Research Service. ARS 72-51
=504  \\$aIncludes bibliographical references.
=591  \\$bNAL Reclamation
=593  \\$fAgricola CAT
=650  \0$aCitrus fruit industry$xBy-products$vCongresses.
=650  \0$aCitrus oils$vCongresses.
=650  \0$aCitrus products$vCongresses.
=655  \3$aInternet resource.
=655  \7$aConference papers and proceedings.$2fast$0(OCoLC)fst01423772
=710  1\$aUnited States.$bAgricultural Research Service.$bSouthern Utilization Research and Development Division.$0http://id.loc.gov/authorities/names/n84046610
=830  \0$aARS 72 ;$v51.
=856  41$uhttps://archive.org/details/proceedingsofcit7251citr
=912  \\$analcatalog
=930  \\$a20140115$b20140207$c00000000
=939  \\$a20130314$b20130404$c00000000
=945  \\$aDigiMet
=945  \\$p40
=946  \\$aUSDA
=959  \\$c2014-01-15$essouder$gurl
=959  \\$c2013-03-14$ejgilbert$gupgrade
=994  \\$a92$bAGL

