=LDR  01738cam a22004811  4500
=001  9915525417507426
=005  20240620132739.0
=008  800401s1967\\\\paua\\\\\\\\\\000\0\eng\\
=010  \\$a   68060486 
=016  7\$aCAT10245282$2DNAL
=035  \\$a204886
=035  \\$a(OCoLC)00452708
=035  \\$a(DNAL)204886-naldb-Voyager
=040  \\$aDLC$beng$cDLC$dMTG$dOCLCF$dOCLCQ$dCOD$dAGM$dOCLCA$dWURST$dAGL
=043  \\$an-us-md
=049  \\$aAGLL
=050  00$aSD144.A125$bA35 no. 7
=070  \\$aA99.9$bF7622Uf no. 7
=072  \0$a4500
=086  0\$aA 13.80:NE-7
=100  1\$aFerguson, Roland H.$0http://id.loc.gov/authorities/names/n50026904
=245  14$aThe timber resources of Maryland,$cby Roland H. Ferguson.
=260  \\$a[Upper Darby, Pa.],$b[Northeastern Forest Experiment Station],$c[1967]
=300  \\$a93 pages$billustrations$c23 cm.
=336  \\$atext$btxt$2rdacontent
=337  \\$aunmediated$bn$2rdamedia
=338  \\$avolume$bnc$2rdacarrier
=490  1\$aU.S. Forest Service resource bulletin NE-7
=591  \\$bNAL Reclamation
=593  \\$fAgricola CAT
=650  \0$aTimber$zMaryland.
=650  \0$aForests and forestry$xEconomic aspects$zMaryland.
=650  \3$atimber supply.
=651  \3$aMaryland.
=651  \7$aMaryland.$2fast$0(OCoLC)fst01204739
=655  \3$aInternet resource.
=776  08$iOnline version:$aFerguson, Roland H.$tTimber resources of Maryland.$d[Upper Darby, Pa., Northeastern Forest Experiment Station, 1967]$w(OCoLC)624841099
=830  \0$aU.S.D.A. Forest Service resource bulletin NE ;$v7.
=856  41$uhttps://archive.org/details/timberresourceso07ferg
=912  \\$analcatalog
=930  \\$a20140209$b00000000$c00000000
=945  \\$aDigiMet
=945  \\$p104
=946  \\$aUSDA
=994  \\$a92$bAGL

