=LDR  01494cam a2200457Ma 4500
=001  9915525421207426
=005  20240624172122.0
=008  800401s1966\\\\dcu\\\\\\b\\\\000\0\eng\d
=016  7\$aCAT10245156$2DNAL
=035  \\$a204643
=035  \\$a(OCoLC)1289083727
=035  \\$a(DNAL)204643-naldb-Voyager
=040  \\$aAGL$beng$cAGL
=049  \\$aAGLL
=070  0\$aA381$bR31 no. 48
=072  \0$a7000
=100  1\$aConner, C. James.
=245  10$aAnalytical procedures for copper and zirconium on copper-zirconium fungicides (gravimetric) /$cC. James Conner.
=260  \\$a[Washington] :$bAgricultural Research Service, United States Department of Agriculture,$c[1966]
=300  \\$a7 p.
=490  1\$aU.S. Agricultural Research Service. ARS 72-48
=504  \\$aBibliography: p. 7.
=591  \\$bNAL Reclamation
=593  \\$fAgricola CAT
=650  \0$aFungicides.
=650  \0$aCopper in agriculture.
=650  \0$aZirconium.
=650  \0$aGravimetric analysis.
=655  \3$aInternet resource.
=710  1\$aUnited States.$bAgricultural Research Service.
=830  \0$aARS 72 ;$v48.
=856  41$uhttps://archive.org/details/analyticalproced7248conn
=912  \\$analcatalog
=930  \\$a20140115$b20140207$c00000000
=939  \\$a20130314$b20130404$c00000000
=945  \\$aDigiMet
=945  \\$p12
=946  \\$aUSDA
=959  \\$c2014-01-15$essouder$gurl
=959  \\$c2013-03-14$ejgilbert$gsubjadd
=959  \\$c2013-03-14$ejgilbert$gaccadd
=959  \\$c2013-03-14$ejgilbert$gde
=994  \\$a92$bAGL

