=LDR  01842cam a2200481Ia 4500
=001  9915525429207426
=005  20240624172144.0
=008  800401s1965\\\\pr\\\\\\\\\\\f000\0\eng\d
=016  7\$aCAT10232474$2DNAL
=035  \\$a204129
=035  \\$a(OCoLC)262686773
=035  \\$a(DNAL)204129-naldb-Voyager
=040  \\$aORE$beng$cORE$dMIN$dNUI$dOCLCA$dOCLCF$dOCLCQ$dSEA$dCOD$dAGM$dAGL
=041  0\$aeng$bspa
=049  \\$aAGLL
=050  10$aSD19.P8$bA57 no.3
=070  \\$aA99.9$bF7637N no. 3
=072  \0$a4500
=086  0\$aA 13.79:ITF-3
=100  1\$aMarrero, José.$0http://id.loc.gov/authorities/names/n99010126
=245  10$aSurvival and growth of bagged and barerooted Honduras pine, cadam, and primavera /$cby José Marrero.
=260  \\$aRio Piedras, Puerto Rico :$bInstitute of Tropical Forestry,$c[1965]
=300  \\$a4 pages ;$c27 cm.
=336  \\$atext$btxt$2rdacontent
=337  \\$aunmediated$bn$2rdamedia
=338  \\$avolume$bnc$2rdacarrier
=490  1\$aU.S. Forest Service research note ITF ;$v3
=546  \\$aIn English with Spanish summary.
=591  \\$bNAL Reclamation
=593  \\$fAgricola CAT
=650  \0$aPinus caribaea.$0http://id.loc.gov/authorities/subjects/sh85102285
=650  \0$aKadam.$0http://id.loc.gov/authorities/subjects/sh95010066
=650  \3$aPinus caribaea.
=650  \3$aSeedlings.
=655  \3$aInternet resource.
=710  2\$aInstitute of Tropical Forestry (Río Piedras, San Juan, P.R.)$0http://id.loc.gov/authorities/names/n50064401
=810  2\$aInstitute of Tropical Forestry (Río Piedras, San Juan, P.R.).$tU.S. Forest Service research note ITF ;$v3.
=856  41$uhttps://archive.org/details/survivalgrowthof03marr
=912  \\$analcatalog
=930  \\$a20140703$b00000000$c00000000
=945  \\$aDigiMet
=945  \\$p8
=946  \\$aUSDA
=959  \\$c2014-07-03$earojas$gap
=994  \\$a92$bAGL

