=LDR  01520cam a2200409M  4500
=001  9915525430307426
=005  20240624172144.0
=008  800401s1968\\\\laua\\\\\\\\\f100\0\eng\d
=016  7\$aCAT10245148$2DNAL
=035  \\$a204628
=035  \\$a(OCoLC)1289030188
=035  \\$a(DNAL)204628-naldb-Voyager
=040  \\$aAGL$beng$cAGL
=049  \\$aAGLL
=070  0\$aA381$bR31 no. 66
=072  \0$a1500
=111  2\$aConference on Citrus Chemistry and Utilization$d(1967 :$cWinter Haven)
=245  10$aProceedings of the Conference on Citrus Chemistry and Utilization /$cAgricultural Research Service, United States Department of Agriculture.
=260  \\$a[New Orleans]$bAgricultural Research Service, U.S. Dept. of Agriculture,$c1968.
=300  \\$aii, 28 p.$billus.$c27 cm.
=490  1\$a[U.S. Agricultural Research Service] ARS 72-66
=591  \\$bNAL Reclamation
=593  \\$fAgricola CAT
=650  \0$aCitrus fruits$vCongresses.
=650  \0$aCitrus$xComposition$vCongresses.
=650  \0$aCitrus$xProcessing$vCongresses.
=655  \3$aInternet resource.
=710  1\$aUnited States.$bAgricultural Research Service.$bSouthern Utilization Research and Development Division.
=830  \0$aARS 72 ;$v66.
=856  41$uhttps://archive.org/details/proceedingsofcon7266conf
=912  \\$analcatalog
=930  \\$a20140115$b20140207$c00000000
=939  \\$a20130315$b20130404$c00000000
=945  \\$aDigiMet
=945  \\$p38
=946  \\$aUSDA
=959  \\$c2014-01-15$essouder$gurl
=959  \\$c2013-03-15$ejgilbert$gde
=994  \\$a92$bAGL

