=LDR  02080cam a2200541Ia 4500
=001  9915525433707426
=005  20240624172148.0
=008  800401s1968\\\\oruab\\\\b\\\f000\0\eng\d
=016  7\$aCAT10244980$2DNAL
=019  \\$a1039881688$a1231789794
=035  \\$a204304
=035  \\$a(OCoLC)41817059$z(OCoLC)1039881688$z(OCoLC)1231789794
=035  \\$a(DNAL)204304-naldb-Voyager
=035  \\$z(OCoLC)1039881688$z(OCoLC)1231789794
=040  \\$aAkJFS$beng$cW7L$dOCLCQ$dRLA$dOCLCF$dOCLCQ$dOCLCO$dSEA$dAGM$dAGL
=041  \\$aeng
=043  \\$an-us-ak
=049  \\$aAGLL
=050  \0$aSD11$b.A456132 no. 81
=070  \\$aA99.9$bF7625U no. 81
=072  \0$a3500
=086  0\$aA 13.79:PNW-81
=100  1\$aBeckwith, R. C.$0http://id.loc.gov/authorities/names/n79067695
=245  14$aThe large aspen tortrix, Choristoneura conflictana (Wlkr.), in interior Alaska /$cby Roy C. Beckwith.
=260  \\$aPortland, Or. :$bPacific Northwest Forest and Range Experiment Station, U.S. Forest Service,$c[1968]
=300  \\$a10 pages :$billustrations, map ;$c27 cm.
=336  \\$atext$btxt$2rdacontent
=337  \\$aunmediated$bn$2rdamedia
=338  \\$avolume$bnc$2rdacarrier
=490  1\$aU.S. Forest Service research note PNW ;$v81
=504  \\$aIncludes bibliographical references.
=591  \\$bNAL Reclamation
=593  \\$fAgricola CAT
=650  \0$aLarge aspen tortrix$zAlaska$zInterior Alaska.
=650  \0$aTrees$xDiseases and pests$zAlaska$zInterior Alaska.
=650  \3$aChoristoneura conflictana.
=650  \3$aforest damage.
=651  \3$aAlaska.
=651  \7$aAlaska$zInterior Alaska.$2fast$0(OCoLC)fst01307662
=655  \3$aInternet resource.
=710  2\$aPacific Northwest Forest and Range Experiment Station (Portland, Or.)$0http://id.loc.gov/authorities/names/n80126131
=830  \0$aU.S. Forest Service research note PNW ;$v81.
=856  41$uhttps://archive.org/details/largeaspentortri81beck
=912  \\$analcatalog
=930  \\$a20140506$b00000000$c00000000
=945  \\$aDigiMet
=945  \\$p14
=946  \\$aUSDA
=959  \\$c2014-05-06$earojas$gap
=994  \\$a92$bAGL

