=LDR  01772cam a2200457Ia 4500
=001  9915526133307426
=005  20240620102040.0
=008  960320s1995\\\\dcu\\\\\\bs\\f000\0\eng\\
=016  7\$aCAT10744991$2DNAL
=035  \\$a775487
=035  \\$a(OCoLC)34415372
=035  \\$a(DNAL)775487-naldb-Voyager
=040  \\$aAGL$beng$cAGL$dOCL$dOCLCQ$dOCLCO$dOCLCA$dOCLCF$dOCLCQ$dOCLCA$dAGL
=043  \\$an-us---
=049  \\$aAGLL
=070  0\$a1$bAg84M no.1528
=072  \0$aX700
=245  00$aExpenditures on children by families :$b1994 annual report.
=260  \\$aWashington, DC :$bCenter for Nutrition Policy and Promotion,$c[1995]
=300  \\$ai, 18 pages ;$c28 cm.
=336  \\$atext$btxt$2rdacontent
=337  \\$aunmediated$bn$2rdamedia
=338  \\$avolume$bnc$2rdacarrier
=490  1\$aMiscellaneous publication / United States Department of Agriculture ;$vno. 1528
=504  \\$aIncludes bibliographical references (page 11).
=591  \\$bNAL Reclamation
=593  \\$fAgricola CAT
=650  \0$aChild rearing$xEconomic aspects$zUnited States$vStatistics.
=650  \0$aChildren$zUnited States$xEconomic conditions$vStatistics.
=651  \7$aUnited States.$2fast$0(OCoLC)fst01204155
=655  \3$aInternet resource.
=655  \7$aStatistics.$2fast$0(OCoLC)fst01423727
=710  2\$aCenter for Nutrition Policy and Promotion (U.S.)$0http://id.loc.gov/authorities/names/no95057451
=830  \0$aMiscellaneous publication (United States. Department of Agriculture) ;$vno. 1528.
=856  41$uhttps://archive.org/details/expendituresonch1528cent
=912  \\$analcatalog
=930  \\$a20140305$b20140404$c00000000
=939  \\$a19960331$b19960404$c00000000
=945  \\$dRLG$e96/03/20$fGBP$g96/03/26$n1
=945  \\$p28
=945  \\$aDigiMet
=946  \\$aUSDA
=994  \\$a92$bAGL

