=LDR  01137cam a2200361I  4500
=001  9915526252407426
=005  20240624171736.0
=008  920621s1914\\\\ru\\\\\\\\\\\\000\0\rus\d
=016  7\$aCAT10519009$2DNAL
=035  \\$a418318
=035  \\$a(OCoLC)18900345
=035  \\$a(DNAL)418318-naldb-Voyager
=040  \\$aRQI$beng$cRQI$dOCLCQ$dAGL$dOCLCQ
=049  \\$aRQIA
=070  0\$a47$bR560s
=072  \0$aL100
=100  1\$aRobinson, John Henry,$d1863-1935.
=242  00$aBasics and practical work in poultry rearing$yeng
=245  10$aOsnovy i praktika razvednīi︠a︡ domashneĭ ptit︠s︡y.
=260  \\$a[Place of publication not identified]$b[publisher not identified],$c1914.
=336  \\$atext$btxt$2rdacontent
=337  \\$aunmediated$bn$2rdamedia
=591  \\$bNAL Reclamation
=593  \\$fAgricola CAT
=650  \3$aanimal production.
=655  \3$aInternet resource.
=856  41$uhttps://archive.org/details/unset00robi
=912  \\$analcatalog
=930  \\$a20140702$b20140807$c00000000
=939  \\$a20120911$b20121009$c00000000
=945  \\$aDigiMet
=945  \\$p660
=946  \\$aNon-US
=959  \\$c2012-09-11$earojas$gap
=994  \\$a92$bAGL

