=LDR  02715cam a2200709Ia 4500
=001  9915526748307426
=005  20240620103219.0
=008  910127s1989\\\\paua\\\\\bs\\f000\0\eng\\
=010  \\$a   90600302 
=016  7\$aCAT10412981$2DNAL
=019  \\$a1039837305$a1230171550$a1231761210
=035  \\$a470712
=035  \\$a(OCoLC)21571796$z(OCoLC)1039837305$z(OCoLC)1230171550$z(OCoLC)1231761210
=035  \\$a(DNAL)470712-naldb-Voyager
=035  \\$z(OCoLC)1039837305$z(OCoLC)1230171550$z(OCoLC)1231761210
=040  \\$aAGL$beng$cAGL$dGPO$dDLC$dOCL$dBTCTA$dOCLCO$dOCLCA$dOCLCF$dOCLCQ$dAGM$dOCLCA$dAGL
=041  \0$aeng
=043  \\$an-us-md$an-us-de
=049  \\$aAGLL
=050  \0$aSD11$b.U652 no.110, 1989
=070  0\$aA99.9$bF7622Uf no.110
=072  \0$aK250
=074  \\$a83-B-5 (MF)
=086  0\$aA 13.80:NE-110
=100  1\$aBrooks, Robert T.
=245  10$aForest wildlife habitat statistics for Maryland and Delaware--1986 /$cthe authors, Robert T. Brooks, Dawn M. DiGiovanni.
=260  \\$aBroomall, PA :$bNortheastern Forest Experiment Station,$c[1989]
=300  \\$a32, [135] pages :$billustrations ;$c28 cm.
=336  \\$atext$btxt$2rdacontent
=337  \\$aunmediated$bn$2rdamedia
=338  \\$avolume$bnc$2rdacarrier
=490  1\$aResource bulletin NE ;$v110
=504  \\$aIncludes bibliographical references (page 8, 1st group).
=591  \\$bNAL Reclamation
=593  \\$fAgricola CAT
=650  \0$aForest surveys$zMaryland.
=650  \0$aForest surveys$zDelaware.
=650  \0$aForests and forestry$zMaryland$vStatistics.
=650  \0$aForests and forestry$zDelaware$vStatistics.
=650  \3$aforest inventory.
=650  \3$avegetation types.
=650  \3$awildlife.
=650  \3$ahabitats.
=651  \3$aMaryland.
=651  \3$aDelaware.
=651  \7$aDelaware.$2fast$0(OCoLC)fst01204929
=651  \7$aMaryland.$2fast$0(OCoLC)fst01204739
=655  \3$aInternet resource.
=655  \7$aStatistics.$2fast$0(OCoLC)fst01423727
=700  1\$aDiGiovanni, Dawn M.
=710  2\$aNortheastern Forest Experiment Station (Radnor, Pa.)
=776  08$iOnline version:$aBrooks, Robert T.$tForest wildlife habitat statistics for Maryland and Delaware--1986.$dBroomall, PA : Northeastern Forest Experiment Station, [1989]$w(OCoLC)630654954
=830  \0$aResource bulletin NE ;$v110.
=841  \\$ax   $b9008130u    0   4   uu   1900813$ez
=852  \\$aDNAL$iA99.9 F7622Uf no.110
=856  41$uhttps://archive.org/details/forestwildlifeha110broo
=912  \\$analcatalog
=930  \\$a20140207$b20140307$c00000000
=938  \\$aBaker and Taylor$bBTCP$n90600302
=945  \\$dEAN$e90/04/21$fEJ$g90/05/09$n1
=945  \\$p184
=945  \\$aDigiMet
=946  \\$aUSDA
=994  \\$a92$bAGL

