=LDR  02195cam a2200553Ia 4500
=001  9915526904807426
=005  20240620103032.0
=008  910127s1990\\\\paua\\\\\bs\\f000\0\eng\\
=016  7\$aCAT10412982$2DNAL
=035  \\$a470713
=035  \\$a(OCoLC)21571815
=035  \\$a(DNAL)470713-naldb-Voyager
=040  \\$aAGL$beng$cAGL$dGPO$dOCL$dOCLCQ$dOCLCG$dMEUBL$dOCLCO$dOCLCA$dOCLCF$dOCLCQ$dOCLCA$dAGL
=043  \\$an-us-nj
=049  \\$aAGLL
=050  10$aSD144.N5$bD54 1990
=070  0\$aA99.9$bF7622Uf no.112
=072  \0$aK250
=072  \0$aK510
=074  \\$a0083-B-05 (MF)
=086  0\$aA 13.80:NE-112
=100  1\$aDiGiovanni, Dawn M.
=245  10$aForest statistics for New Jersey, 1987 /$cDawn M. DiGiovanni, Charles T. Scott.
=260  \\$aRadnor, PA (100 Matsonford Road, Radnor 19087) :$bNortheastern Forest Experiment Station,$c[1990]
=300  \\$a1 volume (various pagings) :$billustrations ;$c28 cm.
=336  \\$atext$btxt$2rdacontent
=337  \\$aunmediated$bn$2rdamedia
=338  \\$avolume$bnc$2rdacarrier
=490  1\$aResource bulletin NE ;$v112
=504  \\$aIncludes bibliographical references (page 13).
=591  \\$bNAL Reclamation
=593  \\$fAgricola CAT
=650  \0$aForests and forestry$zNew Jersey$vStatistics.
=650  \0$aTimber$zNew Jersey$vStatistics.
=651  \7$aNew Jersey.$2fast$0(OCoLC)fst01208379
=655  \3$aInternet resource.
=655  \7$aStatistics.$2fast$0(OCoLC)fst01423727
=700  1\$aScott, Charles Thomas,$d1954-$0http://id.loc.gov/authorities/names/n79047280
=710  2\$aNortheastern Forest Experiment Station (Radnor, Pa.)
=776  08$iOnline version:$aDiGiovanni, Dawn M.$tForest statistics for New Jersey, 1987.$dRadnor, PA (100 Matsonford Road, Radnor 19087) : Northeastern Forest Experiment Station, [1990]$w(OCoLC)624415186
=830  \0$aResource bulletin NE ;$v112.
=841  \\$ax   $b9008130u    0   4   uu   1900813$ez
=852  \\$aDNAL$iA99.9 F7622Uf no.112
=856  41$uhttps://archive.org/details/foreststatistics112digi
=912  \\$analcatalog
=930  \\$a20140207$b20140307$c00000000
=945  \\$dSAM$e90/04/17$fEJ$g90/05/09$n1
=945  \\$p110
=945  \\$aDigiMet
=946  \\$aUSDA
=994  \\$a92$bAGL

