=LDR  01639cam a2200445Ia 4500
=001  9915528450407426
=005  20240620105355.0
=008  910402s1952\\\\dcu\\\\\\\\\\f000\0\eng\d
=016  7\$aCAT10680078$2DNAL
=035  \\$a502670
=035  \\$a(OCoLC)35111357
=035  \\$a(DNAL)502670-naldb-Voyager
=040  \\$aCOF$beng$cCOF$dOCLCQ$dAGL$dOCLCG$dOCLCA$dOCLCQ$dOCLCA$dOCLCF$dOCLCQ$dOCLCO$dMTG$dCOF$dOCLCQ$dOCLCO
=043  \\$an-us---
=049  \\$aRQIA
=070  0\$a1$bF76Ad
=072  \0$aD100
=086  0\$aA 13.2:EM 3/2
=086  0\$aA 13.2/2:EM 3
=100  1\$aRoberts, Paul H.$q(Paul Henley),$d1891-$0http://id.loc.gov/authorities/names/no98112029
=245  14$aThe administration of emergency projects /$cby Paul H. Roberts.
=260  \\$a[Washington] :$b[U.S. Dept. of Agriculture, Forest Service],$c[1952]
=300  \\$aiii, 23 pages ;$c23 cm
=336  \\$atext$btxt$2rdacontent
=337  \\$aunmediated$bn$2rdamedia
=338  \\$avolume$bnc$2rdacarrier
=591  \\$bNAL Reclamation
=593  \\$fAgricola CAT
=610  10$aUnited States.$bForest Service$xManagement.
=610  17$aUnited States.$bForest Service$2fast$0(OCoLC)fst00532793
=650  \0$aEmergency management.$0http://id.loc.gov/authorities/subjects/sh91000441
=650  \3$agovernment and administration.
=650  \3$aagriculture.
=655  \3$aInternet resource.
=710  1\$aUnited States.$bForest Service.$0http://id.loc.gov/authorities/names/n79054932
=856  41$uhttps://archive.org/details/administrationof1952unit
=912  \\$analcatalog
=930  \\$a20140812$b20140905$c00000000
=945  \\$aDigiMet
=945  \\$p36
=946  \\$aOther US
=994  \\$a92$bAGL

