=LDR  01398cam a2200397Mi 4500
=001  9915528535107426
=005  20240620105421.0
=008  950315s1937\\\\dcu\\\\\\\\\\f000\0\eng\d
=016  7\$aCAT10930628$2DNAL
=035  \\$a706704
=035  \\$a(OCoLC)71087485
=035  \\$a(DNAL)706704-naldb-Voyager
=040  \\$aAGL$beng$cAGL$dOCLCF$dOCLCO$dOCLCQ$dAGL
=049  \\$aRQIB
=070  0\$a173.2$bR88Fi
=072  \0$aP130
=110  1\$aUnited States.$bRural Electrification Administration.$0http://id.loc.gov/authorities/names/n79147945
=245  10$aFirst steps in load-building :$ba coordinated program for REA project officials.
=246  3\$aLoad-building
=260  \\$a[Washington],$c[1937?]
=300  \\$a1 volume
=336  \\$atext$btxt$2rdacontent
=337  \\$aunmediated$bn$2rdamedia
=338  \\$avolume$bnc$2rdacarrier
=591  \\$bNAL Reclamation
=593  \\$fAgricola CAT
=650  \0$aElectric currents.$0http://id.loc.gov/authorities/subjects/sh85041640
=650  \0$aElectric wiring.$0http://id.loc.gov/authorities/subjects/sh85042056
=650  \0$aElectricity in agriculture.$0http://id.loc.gov/authorities/subjects/sh85042075
=655  \3$aInternet resource.
=856  41$uhttps://archive.org/details/firststepsinload00unit
=911  \\$ichl00106896
=912  \\$analcatalog
=930  \\$a20140305$b20140404$c00000000
=945  \\$aDigiMet
=945  \\$p154
=946  \\$aOther US
=994  \\$a92$bAGL

