=LDR  01255cam a2200397Mi 4500
=001  9915528624407426
=005  20240620105444.0
=008  910402s1938\\\\rb\\\\\\\\\\\\000\0\eng\d
=016  7\$aCAT10680391$2DNAL
=035  \\$a502983
=035  \\$a(OCoLC)71025812
=035  \\$a(DNAL)502983-naldb-Voyager
=040  \\$aAGL$beng$cAGL$dOCLCG$dOCLCF$dOCLCO$dOCLCQ$dAGL
=043  \\$ae-ur---
=049  \\$aRQIA
=070  0\$aA72$bEc72
=072  \0$aF120
=100  1\$aMichael, Louis Guy,$d1877-$0http://id.loc.gov/authorities/names/n82215209
=245  10$aCotton-growing in the Soviet Union.
=260  \\$aBelgrade,$c1938.
=300  \\$a61 leaves.
=336  \\$atext$btxt$2rdacontent
=337  \\$aunmediated$bn$2rdamedia
=338  \\$avolume$bnc$2rdacarrier
=490  0\$aSpecial report no. 336
=591  \\$bNAL Reclamation
=593  \\$fAgricola CAT
=650  \0$aCotton$zSoviet Union.
=651  \7$aSoviet Union.$2fast$0(OCoLC)fst01210281
=655  \3$aInternet resource.
=710  1\$aUnited States.$bBureau of Agricultural Economics.$bForeign Agricultural Service.
=856  41$uhttps://archive.org/details/cottongrowingins00mich
=912  \\$analcatalog
=930  \\$a20140411$b20140502$c00000000
=945  \\$aDigiMet
=945  \\$p156
=946  \\$aNon-US
=994  \\$a92$bAGL

