=LDR  01128cam a2200373Mi 4500
=001  9915528627107426
=005  20240624172512.0
=008  950315e193807\\xx\b\\\\\\\\\f000\0\eng\d
=016  7\$aCAT10930817$2DNAL
=035  \\$a706867
=035  \\$a(OCoLC)71087583
=035  \\$a(DNAL)706867-naldb-Voyager
=040  \\$aAGL$beng$cAGL$dOCLCO$dOCLCQ$dOCLCA
=049  \\$aRQIB
=070  0\$a173.2$bW89Cul
=072  \0$aE500
=110  1\$aUnited States.$bWorks Progress Administration.
=245  10$aCultural regions within the rural-farm population.
=260  \\$c[July 1938]
=300  \\$a39 leaves :$b2 maps
=336  \\$atext$btxt$2rdacontent
=337  \\$aunmediated$bn$2rdamedia
=338  \\$avolume$bnc$2rdacarrier
=530  \\$aAlso available on the Internet.
=591  \\$bNAL Reclamation
=856  41$uhttp://archive.org/details/culturalregionsw00unit
=911  \\$ichl00107166
=912  \\$analcatalog
=930  \\$a20210525$b00000000$c00000000
=939  \\$a20130408$b20130503$c00000000
=945  \\$aDigiMet
=945  \\$p102
=946  \\$aOther US
=959  \\$c2013-04-08$essouder$gurl
=959  \\$c2021-05-25$earojas$gupgrade
=994  \\$a92$bAGL

