=LDR  01938cam a2200505Mi 4500
=001  9915529038707426
=005  20240624172507.0
=008  871215s1931\\\\dcuab\\\\\\\\\000\0\eng\d
=016  7\$aCAT11012560$2DNAL
=035  \\$a372973
=035  \\$a(OCoLC)29620503
=035  \\$a(DNAL)372973-naldb-Voyager
=040  \\$aMNU$beng$cMNU$dAGL$dOCLCG$dOCLCQ$dOCLCF$dOCLCO$dSNN$dOCLCQ
=043  \\$an-us---
=049  \\$aAGLL
=070  0\$a1.9$bEx892Esc no. 168 1931
=070  0\$a275.2$bIl62Ou
=072  \0$aE100
=072  \0$aE110
=100  1\$aBaker, O. E.$q(Oliver Edwin),$d1883-1949.$0http://id.loc.gov/authorities/names/n87888864
=245  14$aThe outlook for land utilization in the United States.
=246  3\$aLand utilization in the United States, The outlook for
=260  \\$aWashington (D.C.) :$b[publisher not identified],$c1931.
=300  \\$a33 pages :$billustrations, maps ;$c27 cm.
=336  \\$atext$btxt$2rdacontent
=337  \\$aunmediated$bn$2rdamedia
=338  \\$avolume$bnc$2rdacarrier
=490  1\$aUnited States Dept. of Agriculture, Extension service circular 168. July 1931
=591  \\$bNAL Reclamation
=593  \\$fAgricola CAT
=650  \0$aLand use$zUnited States.
=650  \0$aAgriculture$xEconomic aspects.$0http://id.loc.gov/authorities/subjects/sh85002427
=650  \0$aAgriculture$zUnited States.$0http://id.loc.gov/authorities/subjects/sh85002470
=651  \7$aUnited States.$2fast$0(OCoLC)fst01204155
=655  \3$aInternet resource.
=810  1\$aUnited States.$bDepartment of Agriculture.$tExtension service circular ;$v168. July 1931.
=856  41$uhttps://archive.org/details/outlookforlandut16bake
=912  \\$analcatalog
=930  \\$a20140305$b20140404$c00000000
=939  \\$a20130124$b20130201$c00000000
=945  \\$aDigiMet
=945  \\$p104
=945  \\$aDigiMet
=946  \\$aUSDA
=958  \\$aresource$be$c2013-01-24$dn$ejondusko$hrecon
=959  \\$c2013-04-02$essouder$gap
=994  \\$a92$bAGL

