=LDR  02065cam a2200529Ia 4500
=001  9915530529307426
=005  20240620113501.0
=008  980526s1998\\\\pauab\\\\s\\\f000\0\eng\\
=016  7\$aCAT10848233$2DNAL
=019  \\$a1069420301
=035  \\$a814342
=035  \\$a(OCoLC)39146221$z(OCoLC)1069420301
=035  \\$a(DNAL)814342-naldb-Voyager
=035  \\$z(OCoLC)1069420301
=040  \\$aAGL$beng$cAGL$dOCL$dOCLCQ$dORE$dOCLCO$dOCLCA$dOCLCF$dOCLCQ$dOCLCA$dLHL$dAGL
=043  \\$an-use--
=049  \\$aAGLL
=050  \0$aSD11$b.U652 no.140, 1998
=070  0\$aA99.9$bF7622Uf no.140
=072  \0$aK530
=086  0\$aA 13.80:NE-140
=100  1\$aWidmann, Richard H.
=245  10$aPulpwood production in the Northeast :$b1994, 1995, and 1996 /$cRichard H. Widmann, Eric H. Wharton.
=260  \\$aRadnor, PA :$bU.S. Dept. of Agriculture, Forest Service, Northeastern Research Station,$c[1998]
=300  \\$a26 pages :$billustrations, maps ;$c28 cm.
=336  \\$atext$btxt$2rdacontent
=337  \\$aunmediated$bn$2rdamedia
=338  \\$avolume$bnc$2rdacarrier
=490  1\$aResource bulletin NE ;$v140
=530  \\$aAlso available on the World Wide Web.
=591  \\$bNAL Reclamation
=593  \\$fAgricola CAT
=650  \0$aPulpwood industry$zNortheastern States$vStatistics.
=651  \7$aNortheastern States.$2fast$0(OCoLC)fst01242521
=655  \3$aInternet resource.
=655  \7$aStatistics.$2fast$0(OCoLC)fst01423727
=700  1\$aWharton, Eric H.
=710  2\$aNortheastern Forest Experiment Station (Radnor, Pa.)
=776  08$iOnline version:$aWidmann, Richard H.$tPulpwood production in the Northeast.$dRadnor, PA : U.S. Dept. of Agriculture, Forest Service, Northeastern Research Station, [1998]$w(OCoLC)623593626
=830  \0$aResource bulletin NE ;$v140.
=856  41$uhttps://archive.org/details/pulpwoodproducti140widm
=912  \\$analcatalog
=930  \\$a20140207$b20140307$c00000000
=939  \\$a19980531$b19980605$c00000000
=945  \\$dML$e98/05/19$fSES$g98/05/26$n1
=945  \\$p34
=945  \\$aDigiMet
=946  \\$aUSDA
=994  \\$a92$bAGL

