=LDR  01467cam a2200445   4500
=001  9915530656007426
=005  20240624173716.0
=008  700520s1969\\\\utua\\\\\b\\\\000\0\eng\\
=010  \\$a   76606150  //r85
=016  7\$aCAT10637954$2DNAL
=035  \\$a(OCoLC)ocm00073069 940124
=035  \\$90637-95460
=035  \\$a574910
=035  \\$a(DNAL)574910-naldb-Voyager
=040  \\$aDLC$cDLC$dm.c.$dAGL
=043  \\$an-us-id
=049  \\$aAGLX
=070  0\$aA99.9$bF764U no.65
=072  \0$aK200
=072  \0$aK120
=086  0\$aA 13.78:INT-65
=100  1\$aPfister, Robert D.$wcn
=245  10$aEffect of roads on growth of western white pine plantations in northern Idaho /$cRobert D. Pfister.
=260  \\$aOgden, Utah :$bIntermountain Forest and Range Experiment Station, Forest Service, U.S. Dept. of Agriculture,$c1969.
=300  \\$a8 p. :$bill. ;$c27 cm.
=440  \0$aForest Service research paper INT ;$v65
=504  \\$aBibliography: p. 8.
=593  \\$fAgricola CAT
=650  \0$aForest roads$xEnvironmental aspects$zIdaho.
=650  \0$aForest management$zIdaho.
=650  \0$aForests and forestry$zIdaho.
=650  \0$aWestern white pine$zIdaho.
=655  \3$aInternet resource
=856  41$uhttps://archive.org/details/effectofroadsong65pfis
=912  \\$analcatalog
=930  \\$a20140115$b20140207$c00000000
=939  \\$a00000000$b19940225$c00000000
=945  \\$aXIU
=945  \\$p24
=945  \\$aDigiMet
=946  \\$aUSDA
=959  \\$c2014-01-15$essouder$gurl

