=LDR  01963cam a2200541 a 4500
=001  9915531237807426
=005  20240620115201.0
=008  030821s1953\\\\ncuab\\\\b\\\f000\0\eng\\
=016  7\$aCAT11137338$2DNAL
=019  \\$a222054936
=035  \\$a904117
=035  \\$a(OCoLC)52862815$z(OCoLC)222054936
=035  \\$a(DNAL)904117-naldb-Voyager
=035  \\$z(OCoLC)222054936
=040  \\$aAGL$beng$cAGL$dKLG$dAU@$dOCLCF$dOCLCQ$dOCLCO$dAGM$dOCLCQ$dAGL
=049  \\$aAGLL
=050  \0$aSD144.A15$bS73 no. 24
=070  0\$a1.9622$bS4St2 no. 24
=072  \0$aK120
=072  \0$aJ700
=100  1\$aDils, Robert E.
=245  10$aInfluence of forest cutting and mountain farming on some vegetation, surface soil and surface runoff characteristics /$cby Robert E. Dils.
=260  \\$aAsheville, N.C. :$bSoutheastern Forest Experiment Station, U.S. Dept. of Agriculture, Forest Service,$c[1953]
=300  \\$ai, 55 pages (1 folded) :$billustrations, maps ;$c26 cm
=336  \\$atext$btxt$2rdacontent
=337  \\$aunmediated$bn$2rdamedia
=338  \\$avolume$bnc$2rdacarrier
=490  1\$aStation paper ;$vno. 24
=504  \\$aIncludes bibliographical references.
=591  \\$bNAL Reclamation
=593  \\$fAgricola CAT
=650  \0$aClearcutting.$0http://id.loc.gov/authorities/subjects/sh85026905
=650  \0$aHill farming.$0http://id.loc.gov/authorities/subjects/sh85060816
=650  \3$aclearcutting.
=650  \3$arunoff.
=650  \3$awatersheds.
=650  \3$aland use.
=650  \3$avegetation.
=650  \3$afarming systems.
=655  \3$aInternet resource.
=830  \0$aStation paper (Southeastern Forest Experiment Station (Asheville, N.C.)) ;$vno. 24.
=856  41$uhttps://archive.org/details/influenceoffores24dils
=912  \\$analcatalog
=930  \\$a20140702$b20140807$c00000000
=939  \\$a20030903$b20030905$c00000000
=945  \\$dARS$e2003/08/18$fVS$g2003/08/20$n1
=945  \\$p66
=945  \\$aDigiMet
=946  \\$aUSDA
=994  \\$a92$bAGL

