=LDR  01860cam a2200481 a 4500
=001  9915531240907426
=005  20240620115201.0
=008  030909s1954\\\\ncua\\\\\\\\\f000\0\eng\\
=016  7\$aCAT11138144$2DNAL
=035  \\$a904903
=035  \\$a(OCoLC)52881096
=035  \\$a(DNAL)904903-naldb-Voyager
=040  \\$aAGL$beng$cAGL$dOCLCG$dKLG$dMTG$dOCLCF$dOCLCQ$dNOC$dAGM$dOCLCA$dOCLCQ$dAGL
=049  \\$aAGLL
=050  \0$aSD144.A15$bS73 no. 39
=070  0\$a1.9622$bS4St2 no. 39
=072  \0$aK510
=086  0\$aA 13.63/9:39
=100  1\$aHarrar, Ellwood S.$q(Ellwood Scott)$0http://id.loc.gov/authorities/names/n83134195
=245  10$aDefects in hardwood veneer logs :$btheir frequency and importance /$cby E.S. Harrar.
=260  \\$aAsheville, N.C. :$bU.S. Dept. of Agriculture, Forest Service, Southeastern Forest Experiment Station,$c[1954]
=300  \\$a45 pages :$billustrations ;$c26 cm
=336  \\$atext$btxt$2rdacontent
=337  \\$aunmediated$bn$2rdamedia
=338  \\$avolume$bnc$2rdacarrier
=490  1\$aStation paper ;$vno. 39
=591  \\$bNAL Reclamation
=593  \\$fAgricola CAT
=650  \0$aWood$xDefects.$0http://id.loc.gov/authorities/subjects/sh85147789
=650  \3$ahardwood.
=650  \3$aveneer logs.
=650  \3$awood defects.
=655  \3$aInternet resource.
=710  1\$aUnited States.$bDepartment of Agriculture.
=710  2\$aSoutheastern Forest Experiment Station (Asheville, N.C.)$0http://id.loc.gov/authorities/names/n79063970
=830  \0$aStation paper (Southeastern Forest Experiment Station (Asheville, N.C.)) ;$vno. 39.
=856  41$uhttps://archive.org/details/defectsinhardwoo39harr
=912  \\$analcatalog
=930  \\$a20140702$b20140807$c00000000
=939  \\$a20031001$b20031010$c00000000
=945  \\$dDF$e2003/08/20$fRY$g2003/09/09$n1
=945  \\$p52
=945  \\$aDigiMet
=946  \\$aUSDA
=994  \\$a92$bAGL

