=LDR  02007cam a2200505 a 4500
=001  9915531247107426
=005  20240624173610.0
=008  030821s1954\\\\ncua\\\\\\\\\f000\0\eng\\
=016  7\$aCAT11137520$2DNAL
=035  \\$a904296
=035  \\$a(OCoLC)52862940
=035  \\$a(DNAL)904296-naldb-Voyager
=040  \\$aAGL$beng$cAGL$dOCLCG$dKLG$dOCLCF$dOCLCQ$dOCLCO$dNOC$dAGM$dOCLCA$dOCLCQ$dAGL
=049  \\$aAGLL
=050  \0$aSD144.A15$bS73 no. 33
=070  0\$a1.9622$bS4St2 no. 33
=072  \0$aK810
=086  0\$aA 13.63/9:33
=100  1\$aKeetch, John J.$q(John James),$d1911-$0http://id.loc.gov/authorities/names/no99000611
=245  10$aInstructions for using forest fire danger meter type 8 /$cby John J. Keetch.
=260  \\$aAsheville, N.C. :$bU.S. Dept. of Agriculture, Forest Service, Southeastern Forest Experiment Station,$c[1954]
=300  \\$a7 pages :$billustrations ;$c26 cm
=336  \\$atext$btxt$2rdacontent
=337  \\$aunmediated$bn$2rdamedia
=338  \\$avolume$bnc$2rdacarrier
=490  1\$aStation paper ;$vno. 33
=591  \\$bNAL Reclamation
=593  \\$fAgricola CAT
=650  \0$aForest fires.$0http://id.loc.gov/authorities/subjects/sh85050582
=650  \0$aForest fires$xDetection.$0http://id.loc.gov/authorities/subjects/sh85050577
=650  \3$afire hazard.
=650  \3$aforest fires.
=655  \3$aInternet resource.
=710  1\$aUnited States.$bDepartment of Agriculture.
=710  2\$aSoutheastern Forest Experiment Station (Asheville, N.C.)$0http://id.loc.gov/authorities/names/n79063970
=830  \0$aStation paper (Southeastern Forest Experiment Station (Asheville, N.C.)) ;$vno. 33.
=856  41$uhttps://archive.org/details/instructionsforu33keet
=912  \\$analcatalog
=930  \\$a20140702$b20140807$c00000000
=939  \\$a20100803$b20100903$c00000000
=939  \\$a20030903$b20030905$c00000000
=945  \\$dARS$e2003/08/18$fVS$g2003/08/20$n1
=945  \\$p16
=945  \\$aDigiMet
=946  \\$aUSDA
=959  \\$c2010-08-03$essouder$gap
=994  \\$a92$bAGL

