=LDR  01976cam a2200505 a 4500
=001  9915531267507426
=005  20240620115214.0
=008  030819s1959\\\\ncua\\\\\\\\\f000\0\eng\\
=016  7\$aCAT11137228$2DNAL
=035  \\$a904007
=035  \\$a(OCoLC)52872130
=035  \\$a(DNAL)904007-naldb-Voyager
=040  \\$aAGL$beng$cAGL$dOCLCQ$dKLG$dLHL$dEXW$dOCLCO$dOCLCQ$dNOC$dOCLCF$dAGM$dOCLCA$dOCLCQ$dAGL
=043  \\$an-usa--
=049  \\$aAGLL
=050  \0$aSD144.A15$bS73 no.108
=070  0\$a1.9622$bS4St2 no. 108
=072  \0$aK100
=086  0\$aA 13.63/9:108
=100  1\$aCampbell, Robert A.,$d1910-1993.$0http://id.loc.gov/authorities/names/no2010109423
=245  10$aTree grades give accurate estimate of second-growth yellow-poplar values /$cby Robert A. Campbell.
=260  \\$aAsheville, N.C. :$bU.S. Dept. of Agriculture, Forest Service, Southeastern Forest Experiment Station,$c[1959]
=300  \\$a14 pages :$billustrations ;$c27 cm
=336  \\$atext$btxt$2rdacontent
=337  \\$aunmediated$bn$2rdamedia
=338  \\$avolume$bnc$2rdacarrier
=490  1\$aStation paper ;$vno. 108
=591  \\$bNAL Reclamation
=593  \\$fAgricola CAT
=650  \0$aLiriodendron tulipifera$xGrading$zAppalachian Region.
=650  \3$aLiriodendron tulipifera.
=650  \3$aTree classes.
=650  \3$aYields.
=651  \7$aAppalachian Region.$2fast$0(OCoLC)fst01240092
=655  \3$aInternet resource.
=710  1\$aUnited States.$bDepartment of Agriculture.
=710  2\$aSoutheastern Forest Experiment Station (Asheville, N.C.)$0http://id.loc.gov/authorities/names/n79063970
=830  \0$aStation paper (Southeastern Forest Experiment Station (Asheville, N.C.)) ;$vno. 108.
=856  41$uhttps://archive.org/details/treegradesgiveac108camp
=912  \\$analcatalog
=930  \\$a20140702$b20140807$c00000000
=939  \\$a20030903$b20030905$c00000000
=945  \\$dARS$e2003/08/19$fRY$g2003/08/19$n1
=945  \\$p22
=945  \\$aDigiMet
=946  \\$aUSDA
=994  \\$a92$bAGL

