=LDR  02029cam a2200541 a 4500
=001  9915531270807426
=005  20240620115219.0
=008  030819s1960\\\\ncua\\\\\\\\\f000\0\eng\\
=016  7\$aCAT11137231$2DNAL
=035  \\$a904010
=035  \\$a(OCoLC)52872166
=035  \\$a(DNAL)904010-naldb-Voyager
=040  \\$aAGL$beng$cAGL$dOCLCQ$dKLG$dMTG$dOCLCF$dOCLCQ$dOCLCA$dNOC$dAGM$dOCLCA$dOCLCQ$dOCLCO$dAGL
=043  \\$an-us-nc$an-us-ga
=049  \\$aAGLL
=050  \0$aSD144.A15$bS73 no. 114
=070  0\$a1.9622$bS4St2 no. 114
=072  \0$aK200
=086  0\$aA 13.63/9:114
=100  1\$aAnderson, Walter C.$0http://id.loc.gov/authorities/names/n82147319
=245  14$aThe small forest landowner and his woodland /$cby Walter C. Anderson.
=260  \\$aAsheville, N.C. :$bU.S. Dept. of Agriculture, Forest Service, Southeastern Forest Experiment Station,$c[1960]
=300  \\$a15 pages :$billustrations ;$c27 cm
=336  \\$atext$btxt$2rdacontent
=337  \\$aunmediated$bn$2rdamedia
=338  \\$avolume$bnc$2rdacarrier
=490  1\$aStation paper ;$vno. 114
=591  \\$bNAL Reclamation
=593  \\$fAgricola CAT
=650  \0$aForest landowners$zNorth Carolina.
=650  \0$aForest landowners$zGeorgia.
=650  \3$alandowners.
=650  \3$aforestry.
=651  \3$aGeorgia
=651  \3$aNorth Carolina
=651  \7$aGeorgia.$2fast$0(OCoLC)fst01204622
=651  \7$aNorth Carolina.$2fast$0(OCoLC)fst01204304
=655  \3$aInternet resource.
=710  2\$aSoutheastern Forest Experiment Station (Asheville, N.C.)$0http://id.loc.gov/authorities/names/n79063970
=710  1\$aUnited States.$bDepartment of Agriculture.
=830  \0$aStation paper (Southeastern Forest Experiment Station (Asheville, N.C.)) ;$vno. 114.
=856  41$uhttps://archive.org/details/smallforestlando114ande
=912  \\$analcatalog
=930  \\$a20140702$b20140807$c00000000
=939  \\$a20030903$b20030905$c00000000
=945  \\$dARS$e2003/08/19$fRY$g2003/08/19$n1
=945  \\$p24
=945  \\$aDigiMet
=946  \\$aUSDA
=994  \\$a92$bAGL

