=LDR  01778cam a2200493Ia 4500
=001  9915531282107426
=005  20240620114815.0
=008  030819s1960\\\\ncuab\\\\b\\\f000\0\eng\\
=016  7\$aCAT11137229$2DNAL
=035  \\$a904008
=035  \\$a(OCoLC)52872137
=035  \\$a(DNAL)904008-naldb-Voyager
=040  \\$aAGL$beng$cAGL$dOCLCQ$dKLG$dMTG$dLHL$dOCLCQ$dOCLCF$dAGM$dOCLCO$dAGL
=043  \\$an-usu--
=049  \\$aAGLL
=050  \0$aSD144.A15$bS73 no. 109
=070  0\$a1.9622$bS4St2 no. 109
=072  \0$aK510
=086  0\$aA 13.63/9:109
=100  1\$aBryan, W. Craig.$0http://id.loc.gov/authorities/names/n84001177
=245  10$aLosses from defect in Piedmont hardwoods /$cby W.C. Bryan.
=260  \\$aAsheville, N.C. :$bU.S. Dept. of Agriculture, Forest Service, Southeastern Forest Experiment Station,$c[1960]
=300  \\$a31 pages :$billustrations, map ;$c27 cm.
=336  \\$atext$btxt$2rdacontent
=337  \\$aunmediated$bn$2rdamedia
=338  \\$avolume$bnc$2rdacarrier
=490  1\$aStation paper ;$vno. 109
=504  \\$aIncludes bibliographical references (pages 30-31).
=591  \\$bNAL Reclamation
=593  \\$fAgricola CAT
=650  \0$aHardwoods$xQuality$zSouthern States.
=650  \3$awood defects.
=650  \3$ahardwood.
=651  \3$aSoutheastern United States.
=651  \7$aSouthern States.$2fast$0(OCoLC)fst01244550
=655  \3$aInternet resource.
=830  \0$aStation paper (Southeastern Forest Experiment Station (Asheville, N.C.)) ;$vno. 109.
=856  41$uhttps://archive.org/details/lossesfromdefect109brya
=912  \\$analcatalog
=930  \\$a20140702$b20140807$c00000000
=939  \\$a20030903$b20030905$c00000000
=945  \\$dARS$e2003/08/19$fRY$g2003/08/19$n1
=945  \\$p40
=945  \\$aDigiMet
=946  \\$aUSDA
=994  \\$a92$bAGL

