=LDR  01909cam a2200517 a 4500
=001  9915531283307426
=005  20240620114822.0
=008  030821s1953\\\\ncuab\\\\b\\\f000\0\eng\\
=016  7\$aCAT11137343$2DNAL
=035  \\$a904122
=035  \\$a(OCoLC)52862899
=035  \\$a(DNAL)904122-naldb-Voyager
=040  \\$aAGL$beng$cAGL$dOCLCQ$dMTG$dKLG$dOCLCQ$dOCLCO$dOKS$dNOC$dOCLCF$dAGM$dOCLCA$dOCLCQ$dOCLCO$dAGL
=043  \\$an-us-sc
=049  \\$aAGLL
=050  \0$aSD144.A15$bS73 no. 29
=070  0\$a1.9622$bS4St2 no. 29
=072  \0$aJ200
=072  \0$aK001
=086  0\$aA 13.63/9:29
=100  1\$aGreene, Geoffrey E.
=245  10$aSoil temperatures in the South Carolina Piedmont /$cby Geoffrey E. Greene.
=260  \\$aAsheville, N.C. :$bSoutheastern Forest Experiment Station, U.S. Dept. of Agriculture, Forest Service,$c[1953]
=300  \\$a16 pages :$billustrations, map ;$c26 cm
=336  \\$atext$btxt$2rdacontent
=337  \\$aunmediated$bn$2rdamedia
=338  \\$avolume$bnc$2rdacarrier
=490  1\$aStation paper ;$vno. 29
=591  \\$bNAL Reclamation
=593  \\$fAgricola CAT
=650  \0$aForest soils$zSouth Carolina.
=650  \0$aSoil temeprature$zSouth Carolina.
=650  \3$asoil temperature.
=651  \3$aSouth Carolina
=651  \7$aSouth Carolina.$2fast$0(OCoLC)fst01204600
=655  \3$aInternet resource.
=710  1\$aUnited States.$bDepartment of Agriculture.
=710  2\$aSoutheastern Forest Experiment Station (Asheville, N.C.)$0http://id.loc.gov/authorities/names/n79063970
=830  \0$aStation paper (Southeastern Forest Experiment Station (Asheville, N.C.)) ;$vno. 29.
=856  41$uhttps://archive.org/details/soiltemperatures29gree
=912  \\$analcatalog
=930  \\$a20140702$b20140807$c00000000
=939  \\$a20030903$b20030905$c00000000
=945  \\$dARS$e2003/08/18$fVS$g2003/08/20$n1
=945  \\$p22
=945  \\$aDigiMet
=946  \\$aUSDA
=994  \\$a92$bAGL

