=LDR  01948cam a2200493 a 4500
=001  9915531292807426
=005  20240620114820.0
=008  030821s1953\\\\ncua\\\\\b\\\f000\0\eng\\
=016  7\$aCAT11137340$2DNAL
=035  \\$a904119
=035  \\$a(OCoLC)52862877
=035  \\$a(DNAL)904119-naldb-Voyager
=040  \\$aAGL$beng$cAGL$dKLG$dMTG$dOCLCF$dOCLCQ$dNOC$dAGM$dOCLCA$dOCLCQ$dAGL
=049  \\$aAGLL
=050  \0$aSD144.A15$bS73 no. 26
=070  0\$a1.9622$bS4St2 no. 26
=072  \0$aK100
=086  0\$aA 13.63/9:26
=100  1\$aMcCulley, Robert D.$q(Robert Douglass),$d1912-
=245  10$aNatural regeneration of loblolly pine in the southeastern coastal plain /$cby Robert D. McCulley.
=260  \\$aAsheville, N.C. :$bSoutheastern Forest Experiment Station, U.S. Dept. of Agriculture, Forest Service,$c[1953]
=300  \\$a14 pages :$billustrations ;$c26 cm
=336  \\$atext$btxt$2rdacontent
=337  \\$aunmediated$bn$2rdamedia
=338  \\$avolume$bnc$2rdacarrier
=490  1\$aStation paper ;$vno. 26
=591  \\$bNAL Reclamation
=593  \\$fAgricola CAT
=650  \0$aLoblolly pine.$0http://id.loc.gov/authorities/subjects/sh85077898
=650  \0$aForest regeneration.$0http://id.loc.gov/authorities/subjects/sh85050620
=650  \3$anatural regeneration.
=650  \3$acoastal plains.
=651  \3$aSoutheastern United States.
=655  \3$aInternet resource.
=710  1\$aUnited States.$bDepartment of Agriculture.
=710  2\$aSoutheastern Forest Experiment Station (Asheville, N.C.)$0http://id.loc.gov/authorities/names/n79063970
=830  \0$aStation paper (Southeastern Forest Experiment Station (Asheville, N.C.)) ;$vno. 26.
=856  41$uhttps://archive.org/details/naturalregenerat26mccu
=912  \\$analcatalog
=930  \\$a20140702$b20140807$c00000000
=939  \\$a20030903$b20030905$c00000000
=945  \\$dARS$e2003/08/18$fVS$g2003/08/20$n1
=945  \\$p20
=945  \\$aDigiMet
=946  \\$aUSDA
=994  \\$a92$bAGL

