=LDR  01707cam a2200457 a 4500
=001  9915531302107426
=005  20240620114815.0
=008  030908s1950\\\\ncua\\\\\b\\\f000\0\eng\\
=016  7\$aCAT11138003$2DNAL
=035  \\$a904767
=035  \\$a(OCoLC)52855611
=035  \\$a(DNAL)904767-naldb-Voyager
=040  \\$aAGL$beng$cAGL$dKLG$dMTG$dOCLCF$dOCLCQ$dAGM$dOCLCQ$dAGL
=049  \\$aAGLL
=050  \0$aSD144.A15$bS73 no. 8
=070  0\$a1.9622$bS4St2 no. 8
=072  \0$aK120
=086  0\$aA 13.63/9:8
=100  1\$aTrousdell, Kenneth B.,$d1908-$0http://id.loc.gov/authorities/names/no99056437
=245  10$aSeed and seedbed requirements to regenerate loblolly pine /$cby Kenneth B. Trousdell.
=260  \\$aAsheville, N.C. :$bForest Service, U.S. Dept. of Agriculture, Southeastern Forest Experiment Station,$c[1950]
=300  \\$a13 pages :$billustrations ;$c27 cm
=336  \\$atext$btxt$2rdacontent
=337  \\$aunmediated$bn$2rdamedia
=338  \\$avolume$bnc$2rdacarrier
=490  1\$aStation paper ;$vno. 8
=504  \\$aIncludes bibliographical references (page 13).
=591  \\$bNAL Reclamation
=593  \\$fAgricola CAT
=650  \0$aLoblolly pine.$0http://id.loc.gov/authorities/subjects/sh85077898
=650  \3$aseedbed preparation.
=650  \3$anatural regeneration.
=655  \3$aInternet resource.
=830  \0$aStation paper (Southeastern Forest Experiment Station (Asheville, N.C.)) ;$vno. 8.
=856  41$uhttps://archive.org/details/seedseedbedrequi08trou
=912  \\$analcatalog
=930  \\$a20140702$b20140807$c00000000
=939  \\$a20031001$b20031010$c00000000
=945  \\$dARS$e2003/08/15$fRY$g2003/09/08$n1
=945  \\$p20
=945  \\$aDigiMet
=946  \\$aUSDA
=994  \\$a92$bAGL

