=LDR  01927cam a2200469 a 4500
=001  9915531320407426
=005  20240620114821.0
=008  030909s1954\\\\ncua\\\\\b\\\f000\0\eng\\
=016  7\$aCAT11138142$2DNAL
=035  \\$a904901
=035  \\$a(OCoLC)52873500
=035  \\$a(DNAL)904901-naldb-Voyager
=040  \\$aAGL$beng$cAGL$dMTG$dKLG$dOCLCF$dOCLCQ$dOCLCO$dNOC$dAGM$dOCLCA$dOCLCQ$dAGL
=049  \\$aAGLL
=050  \0$aSD144.A15$bS73 no. 38
=070  0\$a1.9622$bS4St2 no. 38
=072  \0$aJ200
=086  0\$aA 13.63/9:38
=100  1\$aOlson, David F.,$cJr.$q(David Fredrick),$d1926-$0http://id.loc.gov/authorities/names/no2018003275
=245  10$aMethods of soil moisture determination under field conditions /$cby David F. Olson, Jr., and Marvin D. Hoover.
=260  \\$aAsheville, N.C. :$bU.S. Dept. of Agriculture, Forest Service, Southeastern Forest Experiment Station,$c[1954]
=300  \\$ai, 28 pages :$billustrations ;$c26 cm
=336  \\$atext$btxt$2rdacontent
=337  \\$aunmediated$bn$2rdamedia
=338  \\$avolume$bnc$2rdacarrier
=490  1\$aStation paper ;$vno. 38
=504  \\$aIncludes bibliographical references (pages 25-28).
=591  \\$bNAL Reclamation
=593  \\$fAgricola CAT
=650  \0$aSoil moisture$xMeasurement.$0http://id.loc.gov/authorities/subjects/sh85124362
=650  \3$asoil water.
=655  \3$aInternet resource.
=710  1\$aUnited States.$bDepartment of Agriculture.
=710  2\$aSoutheastern Forest Experiment Station (Asheville, N.C.)$0http://id.loc.gov/authorities/names/n79063970
=830  \0$aStation paper (Southeastern Forest Experiment Station (Asheville, N.C.)) ;$vno. 38.
=856  41$uhttps://archive.org/details/methodsofsoilmoi38olso
=912  \\$analcatalog
=930  \\$a20140702$b20140807$c00000000
=939  \\$a20031001$b20031010$c00000000
=945  \\$dDF$e2003/08/19$fRY$g2003/09/09$n1
=945  \\$p36
=945  \\$aDigiMet
=946  \\$aUSDA
=994  \\$a92$bAGL

