=LDR  01616cam a2200481 a 4500
=001  9915531325307426
=005  20240620114816.0
=008  030908s1949\\\\ncua\\\\\\\\\f000\0\eng\\
=016  7\$aCAT11138000$2DNAL
=035  \\$a904764
=035  \\$a(OCoLC)52855589
=035  \\$a(DNAL)904764-naldb-Voyager
=040  \\$aAGL$beng$cAGL$dOCLCQ$dOCLCF$dOCLCQ$dOCLCO$dAGM$dOCLCA$dOCLCQ$dOCLCO$dAGL
=043  \\$an-us-ga
=049  \\$aAGLL
=070  0\$a1.9622$bS4St2 no. 4
=072  \0$aE700
=072  \0$aK500
=100  1\$aZirkle, John J.
=245  10$aMarkets for forest products in southeast Georgia /$cby John J. Zirkle, Jr. and Arthur S. Todd, Jr.
=260  \\$aAsheville, N.C. :$bSoutheastern Forest Experiment Station,$c[1949]
=300  \\$aiii, 110 pages :$billustrations ;$c26 cm
=336  \\$atext$btxt$2rdacontent
=337  \\$aunmediated$bn$2rdamedia
=338  \\$avolume$bnc$2rdacarrier
=490  1\$aStation paper ;$vno. 4
=591  \\$bNAL Reclamation
=593  \\$fAgricola CAT
=650  \0$aForest products$zGeorgia.
=650  \3$aforest products.
=650  \3$aforest products industry.
=650  \3$amarkets.
=651  \3$aGeorgia
=651  \7$aGeorgia.$2fast$0(OCoLC)fst01204622
=655  \3$aInternet resource.
=830  \0$aStation paper (Southeastern Forest Experiment Station (Asheville, N.C.)) ;$vno. 4.
=856  41$uhttps://archive.org/details/marketsforforest04zirk
=912  \\$analcatalog
=930  \\$a20140702$b20140807$c00000000
=939  \\$a20031001$b20031010$c00000000
=945  \\$dARS$e2003/08/15$fRY$g2003/09/08$n1
=945  \\$p122
=945  \\$aDigiMet
=946  \\$aUSDA
=994  \\$a92$bAGL

