=LDR  01924cam a2200505Ii 4500
=001  9915531328507426
=005  20240620114815.0
=008  030821s1952\\\\ncua\\\\\b\\\f000\0\eng\d
=016  7\$aCAT11137255$2DNAL
=035  \\$a904034
=035  \\$a(OCoLC)01739890
=035  \\$a(DNAL)904034-naldb-Voyager
=040  \\$aJPL$beng$cJPL$dOCL$dAGL$dOCLCQ$dOCLCG$dKLG$dMTG$dOCLCQ$dOCLCF$dOCLCQ$dOCLCA$dAGM
=049  \\$aAGLL
=050  \0$aSD144.A15$bS73 no. 15
=070  0\$a1.9622$bS4St2 no. 15
=072  \0$aF200
=072  \0$aK001
=086  0\$aA 13.63/9:15
=100  1\$aDorman, Keith W.$q(Keith William),$d1910-$0http://id.loc.gov/authorities/names/no2003062505
=245  10$aHereditary variation as the basis for selecting superior forest trees /$cby Keith W. Dorman.
=260  \\$aAsheville, N.C. :$bForest Service, U.S. Dept. of Agriculture, Southeastern Forest Experiment Station,$c[1952]
=300  \\$a88 pages :$billustrations ;$c26 cm.
=336  \\$atext$btxt$2rdacontent
=337  \\$aunmediated$bn$2rdamedia
=338  \\$avolume$bnc$2rdacarrier
=490  1\$aStation paper ;$vno. 15
=504  \\$aIncludes bibliographical references (pages 60-70).
=591  \\$bNAL Reclamation
=593  \\$fAgricola CAT
=650  \0$aTrees$xSelection.
=650  \0$aForests and forestry.$0http://id.loc.gov/authorities/subjects/sh85050707
=650  \3$aPinus.
=650  \3$asilvicultural practices.
=650  \3$aintensive forestry.
=655  \3$aInternet resource.
=710  2\$aSoutheastern Forest Experiment Station (Asheville, N.C.)
=830  \0$aStation paper (Southeastern Forest Experiment Station (Asheville, N.C.)) ;$vno. 15.
=856  41$uhttps://archive.org/details/hereditaryvariat15dorm
=912  \\$analcatalog
=930  \\$a20140702$b20140807$c00000000
=939  \\$a20030903$b20030905$c00000000
=945  \\$dARS$e2003/08/18$fVS$g2003/08/20$n1
=945  \\$p96
=945  \\$aDigiMet
=946  \\$aUSDA
=994  \\$a92$bAGL

