=LDR  01945cam a2200541Ia 4500
=001  9915531336707426
=005  20240620114813.0
=008  030908s1949\\\\ncub\\\\\\\\\f000\0\eng\d
=016  7\$aCAT11137968$2DNAL
=035  \\$a904732
=035  \\$a(OCoLC)31001906
=035  \\$a(DNAL)904732-naldb-Voyager
=040  \\$aAZN$beng$cAZN$dAGL$dKLG$dOCLCQ$dOCLCF$dOCLCQ$dOCLCO$dOCLCA$dNOC$dAGM$dOCLCA
=043  \\$an-us-ga
=049  \\$aAGLL
=050  \0$aSD144.A15$bS73 no. 3
=070  0\$a1.9622$bS4St2 no. 3
=072  \0$aE700
=072  \0$aK500
=086  0\$aA 13.63/9:3
=110  2\$aSoutheastern Forest Experiment Station (Asheville, N.C.)
=245  10$aMarketing farm timber in Monroe County, Georgia /$cby Arthur S. Todd, Jr. and John J. Zirkle, Jr.
=260  \\$aAsheville, N.C. :$bSoutheastern Forest Experiment Station,$c[1949]
=300  \\$aii, 33 pages :$bmaps ;$c26 cm.
=336  \\$atext$btxt$2rdacontent
=337  \\$aunmediated$bn$2rdamedia
=338  \\$avolume$bnc$2rdacarrier
=490  1\$aStation paper ;$vno. 3
=591  \\$bNAL Reclamation
=593  \\$fAgricola CAT
=650  \0$aForest products$zGeorgia$zMonroe County.
=650  \3$aForest products industry.
=650  \3$aMarkets.
=650  \3$aMarketing.
=651  \3$aGeorgia.
=651  \7$aGeorgia$zMonroe County.$2fast$0(OCoLC)fst01217766
=655  \3$aInternet resource.
=700  1\$aTodd, A. S.,$cJr.$q(Arthur Stanley),$d1911-1980.$0http://id.loc.gov/authorities/names/no2018021658
=700  1\$aZirkle, John J.
=710  1\$aUnited States.$bDepartment of Agriculture.
=830  \0$aStation paper (Southeastern Forest Experiment Station (Asheville, N.C.)) ;$vno. 3.
=856  41$uhttps://archive.org/details/marketingfarmtim03sout
=912  \\$analcatalog
=930  \\$a20140702$b20140807$c00000000
=939  \\$a20031001$b20031010$c00000000
=945  \\$dARS$e2003/08/15$fRY$g2003/09/08$n1
=945  \\$p48
=945  \\$aDigiMet
=946  \\$aUSDA
=994  \\$a92$bAGL

