=LDR  02028cam a2200529Ia 4500
=001  9915531344707426
=005  20240620114814.0
=008  030819s1959\\\\ncuab\\\\\\\\f000\0\eng\\
=016  7\$aCAT11137227$2DNAL
=035  \\$a904006
=035  \\$a(OCoLC)52872117
=035  \\$a(DNAL)904006-naldb-Voyager
=040  \\$aAGL$beng$cAGL$dOCLCQ$dKLG$dMTG$dOCLCF$dOCLCQ$dNOC$dAGM$dOCLCA$dAGL
=043  \\$an-usu--
=049  \\$aAGLL
=050  \0$aSD144.A15$bS73 no. 107
=070  0\$a1.9622$bS4St2 no. 107
=072  \0$aK100
=086  0\$aA 13.63/9:107
=100  1\$aBennett, Frank A.$0http://id.loc.gov/authorities/names/n80163571
=245  10$aYield of old-field slash pine plantations /$cby F.A. Bennett, C.E. McGee, and J.L. Clutter.
=260  \\$aAsheville, N.C. :$bU.S. Dept. of Agriculture, Forest Service, Southeastern Forest Experiment Station,$c[1959]
=300  \\$a19 pages :$billustrations, map ;$c27 cm.
=336  \\$atext$btxt$2rdacontent
=337  \\$aunmediated$bn$2rdamedia
=338  \\$avolume$bnc$2rdacarrier
=490  1\$aStation paper ;$vno. 107
=591  \\$bNAL Reclamation
=593  \\$fAgricola CAT
=650  \0$aSlash pine$zSouthern States.
=650  \3$aPinus elliottii.
=650  \3$aforest plantations.
=650  \3$ayields.
=651  \7$aSouthern States.$2fast$0(OCoLC)fst01244550
=655  \3$aInternet resource.
=700  1\$aMcGee, C. E.
=700  1\$aClutter, Jerome L.,$d1934-$0http://id.loc.gov/authorities/names/n77006815
=710  1\$aUnited States.$bDepartment of Agriculture.
=710  2\$aSoutheastern Forest Experiment Station (Asheville, N.C.)$0http://id.loc.gov/authorities/names/n79063970
=830  \0$aStation paper (Southeastern Forest Experiment Station (Asheville, N.C.)) ;$vno. 107.
=856  41$uhttps://archive.org/details/yieldofoldfields107benn
=912  \\$analcatalog
=930  \\$a20140702$b20140807$c00000000
=939  \\$a20030903$b20030905$c00000000
=945  \\$dARS$e2003/08/19$fRY$g2003/08/19$n1
=945  \\$p28
=945  \\$aDigiMet
=946  \\$aUSDA
=994  \\$a92$bAGL

