=LDR  01968cam a2200481Ia 4500
=001  9915531346607426
=005  20240620114818.0
=008  030821s1954\\\\ncua\\\\\b\\\f000\0\eng\d
=016  7\$aCAT11137256$2DNAL
=035  \\$a904035
=035  \\$a(OCoLC)01740604
=035  \\$a(DNAL)904035-naldb-Voyager
=040  \\$aJPL$beng$cJPL$dOCL$dOCLCQ$dAGL$dOCLCQ$dOCLCG$dKLG$dMTG$dOCLCQ$dOCLCF$dOCLCQ$dOCLCA$dAGM
=049  \\$aAGLL
=050  \0$aSD144.A15$bS73 no. 32
=070  0\$a1.9622$bS4St2 no. 32
=072  \0$aK540
=086  0\$aA 13.63/9:32
=100  1\$aSnow, Albert G.$q(Albert Granville),$d1907-$0http://id.loc.gov/authorities/names/no2008040710
=245  10$aProgress in development of efficient turpentining methods /$cby Albert G. Snow, Jr.
=260  \\$aAsheville, N.C. :$bSoutheastern Forest Experiment Station, U.S. Dept. of Agriculture, Forest Service,$c[1954]
=300  \\$a35 pages :$billustrations ;$c26 cm.
=336  \\$atext$btxt$2rdacontent
=337  \\$aunmediated$bn$2rdamedia
=338  \\$avolume$bnc$2rdacarrier
=490  1\$aStation paper ;$vno. 32
=504  \\$aIncludes bibliographical references (pages 32-35).
=591  \\$bNAL Reclamation
=593  \\$fAgricola CAT
=650  \0$aTurpentining.$0http://id.loc.gov/authorities/subjects/sh85138948
=650  \0$aTurpentine industry and trade.$0http://id.loc.gov/authorities/subjects/sh85138946
=650  \0$aNaval stores.$0http://id.loc.gov/authorities/subjects/sh85090408
=650  \3$aturpentine.
=655  \3$aInternet resource.
=710  2\$aSoutheastern Forest Experiment Station (Asheville, N.C.)
=830  \0$aStation paper (Southeastern Forest Experiment Station (Asheville, N.C.)) ;$vno. 32.
=856  41$uhttps://archive.org/details/progressindevelo32snow
=912  \\$analcatalog
=930  \\$a20140702$b20140807$c00000000
=939  \\$a20030903$b20030905$c00000000
=945  \\$dARS$e2003/08/18$fVS$g2003/08/20$n1
=945  \\$p44
=945  \\$aDigiMet
=946  \\$aUSDA
=994  \\$a92$bAGL

