=LDR  01946cam a2200505 a 4500
=001  9915531348107426
=005  20240620114820.0
=008  030821s1952\\\\ncuab\\\\\\\\f000\0\eng\\
=016  7\$aCAT11137334$2DNAL
=035  \\$a904113
=035  \\$a(OCoLC)52862764
=035  \\$a(DNAL)904113-naldb-Voyager
=040  \\$aAGL$beng$cAGL$dOCLCQ$dKLG$dMTG$dLHL$dOCLCF$dOCLCQ$dNOC$dAGM$dOCLCA$dOCLCQ$dAGL
=043  \\$an-usu--
=049  \\$aAGLL
=050  \0$aSD144.A15$bS73 no. 19
=070  0\$a1.9622$bS4St2 no. 19
=072  \0$aK000
=086  0\$aA 13.63/9:19
=100  1\$aBrender, E. V.$q(Ernst Victor),$d1905-1985.$0http://id.loc.gov/authorities/names/no2017142423
=245  12$aA guide to the Hitchiti Forest Research Center /$cby Ernst V. Brender.
=260  \\$aAsheville, N.C. :$bForest Service, U.S. Dept. of Agriculture, Southeastern Forest Experiment Station,$c[1952]
=300  \\$a26 pages :$billustrations, maps ;$c26 cm
=336  \\$atext$btxt$2rdacontent
=337  \\$aunmediated$bn$2rdamedia
=338  \\$avolume$bnc$2rdacarrier
=490  1\$aStation paper ;$vno. 19
=591  \\$bNAL Reclamation
=593  \\$fAgricola CAT
=650  \0$aForests and forestry$xResearch$zSouthern States.
=650  \3$aforestry.
=650  \3$aresearch.
=651  \3$aSoutheastern United States.
=651  \7$aSouthern States.$2fast$0(OCoLC)fst01244550
=655  \3$aInternet resource.
=710  1\$aUnited States.$bDepartment of Agriculture.
=710  2\$aSoutheastern Forest Experiment Station (Asheville, N.C.)$0http://id.loc.gov/authorities/names/n79063970
=830  \0$aStation paper (Southeastern Forest Experiment Station (Asheville, N.C.)) ;$vno. 19.
=856  41$uhttps://archive.org/details/guidetohitchitif19bren
=912  \\$analcatalog
=930  \\$a20140702$b20140807$c00000000
=939  \\$a20030903$b20030905$c00000000
=945  \\$dARS$e2003/08/18$fVS$g2003/08/20$n1
=945  \\$p32
=945  \\$aDigiMet
=946  \\$aUSDA
=994  \\$a92$bAGL

