=LDR  01939cam a2200481Ia 4500
=001  9915531356607426
=005  20240620114809.0
=008  030902s1958\\\\ncua\\\\\b\\\f000\0\eng\\
=016  7\$aCAT11137726$2DNAL
=035  \\$a904495
=035  \\$a(OCoLC)52899232
=035  \\$a(DNAL)904495-naldb-Voyager
=040  \\$aAGL$beng$cAGL$dOCLCQ$dOCLCG$dKLG$dMTG$dLHL$dOCLCF$dOCLCQ$dNOC$dAGM$dOCLCA$dAGL
=049  \\$aAGLL
=050  \0$aSD144.A15$bS73 no. 97
=070  0\$a1.9622$bS4St2 no. 97
=072  \0$aK250
=086  0\$aA 13.63/9:97
=245  04$aThe relation of growth to stand density in natural loblolly pine stands /$cby K.F. Wenger [and others].
=260  \\$aAsheville, N.C. :$bU.S. Dept. of Agriculture, Forest Service Southeastern Forest Experiment Station,$c[1958]
=300  \\$a10 pages :$billustrations ;$c27 cm.
=336  \\$atext$btxt$2rdacontent
=337  \\$aunmediated$bn$2rdamedia
=338  \\$avolume$bnc$2rdacarrier
=490  1\$aStation paper ;$vno. 97
=504  \\$aIncludes bibliographical references (page 10).
=591  \\$bNAL Reclamation
=593  \\$fAgricola CAT
=650  \0$aLoblolly pine.$0http://id.loc.gov/authorities/subjects/sh85077898
=650  \3$aStand density.
=650  \3$aStand characteristics.
=655  \3$aInternet resource.
=700  1\$aWenger, Karl F.$q(Karl Frederick),$d1918-$0http://id.loc.gov/authorities/names/no99056434
=710  2\$aSoutheastern Forest Experiment Station (Asheville, N.C.)$0http://id.loc.gov/authorities/names/n79063970
=710  1\$aUnited States.$bDepartment of Agriculture.
=830  \0$aStation paper (Southeastern Forest Experiment Station (Asheville, N.C.)) ;$vno. 97.
=856  41$uhttps://archive.org/details/relationofgrowth97weng
=912  \\$analcatalog
=930  \\$a20140702$b20140807$c00000000
=939  \\$a20031001$b20031010$c00000000
=945  \\$dDF$e2003/08/22$fVS$g2003/09/02$n1
=945  \\$p18
=945  \\$aDigiMet
=946  \\$aUSDA
=994  \\$a92$bAGL

