=LDR  01754cam a2200505 a 4500
=001  9915531359307426
=005  20240620114821.0
=008  030908s1951\\\\ncua\\\\\b\\\f000\0\eng\\
=016  7\$aCAT11138005$2DNAL
=035  \\$a904769
=035  \\$a(OCoLC)52855621
=035  \\$a(DNAL)904769-naldb-Voyager
=040  \\$aAGL$beng$cAGL$dMTG$dKLG$dOCLCQ$dOCLCO$dAGM$dOCLCQ$dOCLCO$dAGL
=043  \\$an-us-nc$an-us-sc
=049  \\$aAGLL
=050  \0$aSD144.A15$bS73 no. 10
=070  0\$a1.9622$bS4St2 no. 10
=072  \0$aF900
=072  \0$aK001
=086  0\$aA 13.63/9:10
=100  1\$aChaiken, L. E.
=245  14$aThe use of chemicals to control inferior trees in the management of loblolly pine /$cby L.E. Chaiken.
=260  \\$aAsheville, N.C. :$bForest Service, U.S. Dept. of Agriculture, Southeastern Forest Experiment Station,$c[1951]
=300  \\$ai, 34 pages :$billustrations ;$c26 cm
=336  \\$atext$btxt$2rdacontent
=337  \\$aunmediated$bn$2rdamedia
=338  \\$avolume$bnc$2rdacarrier
=490  1\$aStation paper ;$vno. 10
=504  \\$aIncludes bibliographical references (page 34).
=591  \\$bNAL Reclamation
=593  \\$fAgricola CAT
=650  \0$aLoblolly pine$xWeed control.
=650  \3$aChemical control.
=650  \3$aSilvicultural practices.
=651  \3$aNorth Carolina
=651  \3$aSouth Carolina
=655  \3$aInternet resource.
=830  \0$aStation paper (Southeastern Forest Experiment Station (Asheville, N.C.)) ;$vno. 10.
=856  41$uhttps://archive.org/details/useofchemicalsto10chai
=912  \\$analcatalog
=930  \\$a20140702$b20140807$c00000000
=939  \\$a20031001$b20031010$c00000000
=945  \\$dARS$e2003/08/15$fRY$g2003/09/08$n1
=945  \\$p44
=945  \\$aDigiMet
=946  \\$aUSDA
=994  \\$a92$bAGL

