=LDR  01830cam a2200469Ia 4500
=001  9915531382007426
=005  20240620114820.0
=008  030908s1950\\\\flu\\\\\\\\\\f000\0\eng\d
=016  7\$aCAT11137960$2DNAL
=035  \\$a904724
=035  \\$a(OCoLC)01820805
=035  \\$a(DNAL)904724-naldb-Voyager
=040  \\$aJPL$beng$cJPL$dAGL$dOCLCQ$dOCLCF$dOCLCQ$dOCLCO$dOCLCA$dNOC$dOCL$dOCLCA
=043  \\$an-us-fl
=049  \\$aAGLL
=070  0\$a1.9622$bS4St2 no. 7
=072  \0$aE700
=072  \0$aK500
=100  1\$aTodd, A. S.,$cJr.$q(Arthur Stanley),$d1911-1980.$0http://id.loc.gov/authorities/names/no2018021658
=245  10$aMarkets for forest products in Florida :$bin cooperation with Florida Forest Service /$cby Arthur S. Todd, Jr.
=260  \\$aAsheville, N.C. :$bU.S. Dept. of Agriculture, Forest Service, Southeastern Forest Experiment Stion ;$aTallahassee, Fla. :$bFlorida Forest Service,$c[1950]
=300  \\$a71 pages ;$c24 cm.
=336  \\$atext$btxt$2rdacontent
=337  \\$aunmediated$bn$2rdamedia
=338  \\$avolume$bnc$2rdacarrier
=490  1\$aStation paper ;$vno. 7
=591  \\$bNAL Reclamation
=593  \\$fAgricola CAT
=650  \0$aForest products$zFlorida.
=650  \0$aForests and forestry$zFlorida.
=651  \7$aFlorida.$2fast$0(OCoLC)fst01205150
=655  \3$aInternet resource.
=710  1\$aUnited States.$bDepartment of Agriculture.
=710  2\$aSoutheastern Forest Experiment Station (Asheville, N.C.)
=830  \0$aStation paper (Southeastern Forest Experiment Station (Asheville, N.C.)) ;$vno. 7.
=856  41$uhttps://archive.org/details/marketsforforest07todd
=912  \\$analcatalog
=930  \\$a20140702$b20140807$c00000000
=939  \\$a20031001$b20031010$c00000000
=945  \\$dARS$e2003/08/15$fRY$g2003/09/08$n1
=945  \\$p78
=945  \\$aDigiMet
=946  \\$aUSDA
=994  \\$a92$bAGL

