=LDR  02582cam a2200649Ia 4500
=001  9915531400007426
=005  20240620114813.0
=006  m\\\\\o\\d||||||||
=007  cr\|||||||||||
=008  030909s2002\\\\mnua\\\\os\\\f000\0\eng\\
=016  7\$aCAT11138168$2DNAL
=019  \\$a1049659379
=035  \\$a904927
=035  \\$a(OCoLC)52985835$z(OCoLC)1049659379
=035  \\$a(DNAL)904927-naldb-Voyager
=035  \\$z(OCoLC)1049659379
=040  \\$aAGL$beng$cAGL$dOCLCQ$dOCLCF$dOCLCQ$dOCLCO$dOCLCQ$dINARC
=043  \\$an-us-mi
=049  \\$aAGLL
=070  0\$aaSD11$b.A35 no. 203
=072  \0$aK510
=100  1\$aHaugen, David E.
=245  10$aMichigan timber industry :$ban assessment of timber product output and use, 1996 /$cDavid E. Haugen and John Pilon.
=256  \\$aElectronic data.
=260  \\$aSt. Paul, Minn. :$bU.S. Dept. of Agriculture, Forest Service, North Central Research Station,$c2002.
=300  \\$a1 online resource.
=336  \\$atext$btxt$2rdacontent
=337  \\$acomputer$bc$2rdamedia
=338  \\$aonline resource$bcr$2rdacarrier
=490  1\$aResource bulletin NC ;$v203
=530  \\$aLibrary also holds microfiche. Washington, DC : Supt. of Docs., U.S. G.P.O., 2003. 2 microfiche : negative. (NAL call no. : Fiche S-133 (A 13.80:NC-203)
=538  \\$aMode of access: WWW browser and PDF reader.
=516  \\$aText (electronic publication).
=530  \\$aAlso available in print.
=591  \\$bNAL Reclamation
=593  \\$fAgricola CAT
=650  \0$aForest products industry$zMichigan$vStatistics.
=650  \0$aLumber trade$zMichigan$vStatistics.
=650  \0$aTimber$zMichigan$vStatistics.
=651  \7$aMichigan.$2fast$0(OCoLC)fst01208387
=655  \7$aStatistics.$2fast$0(OCoLC)fst01423727
=655  \3$aInternet resource.
=700  1\$aPilon, John.
=710  1\$aUnited States.$bForest Service.$bNorth Central Research Station.$0http://id.loc.gov/authorities/names/no98101210
=776  1\$tMichigan timber industry$w(OCoLC)52860973
=830  \0$aResource bulletin NC ;$v203.
=856  40$3access page$uhttp://www.srs.fs.usda.gov/pubs/viewpub.jsp?index=11854
=856  40$uhttp://www.ncrs.fs.fed.us/pubs/rb/rb%5Fnc203.pdf
=856  41$uhttps://archive.org/details/michigantimberin203haug
=912  \\$analcatalog
=930  \\$a20140702$b20140807$c00000000
=938  \\$aInternet Archive$bINAR$nmichigantimberin203haug
=939  \\$a20040927$b20041003$c00000000
=939  \\$a20031001$b20031010$c00000000
=945  \\$dCMM$e2003/09/08$fCMM$g2003/09/09$n1
=945  \\$p96
=945  \\$aDigiMet
=946  \\$aUSDA
=994  \\$a92$bAGL

