=LDR  01935cam a2200481 a 4500
=001  9915531410407426
=005  20240620114842.0
=008  030821s1953\\\\ncua\\\\\b\\\f000\0\eng\\
=016  7\$aCAT11137342$2DNAL
=035  \\$a904121
=035  \\$a(OCoLC)52862893
=035  \\$a(DNAL)904121-naldb-Voyager
=040  \\$aAGL$beng$cAGL$dKLG$dMTG$dOCLCF$dOCLCQ$dNOC$dAGM$dOCLCA$dOCLCQ$dAGL
=049  \\$aAGLL
=050  \0$aSD144.A15$bS73 no. 28
=070  0\$a1.9622$bS4St2 no. 28
=072  \0$aK100
=086  0\$aA 13.63/9:28
=100  1\$aMcClay, T. A.$q(Thomas Alan),$d1912-1977.$0http://id.loc.gov/authorities/names/no2017166368
=245  10$aGrowth, mortality, and regeneration after cutting in loblolly pine pulpwood stands /$cby T.A. McClay.
=260  \\$aAsheville, N.C. :$bSoutheastern Forest Experiment Station, U.S. Dept. of Agriculture, Forest Service,$c[1953]
=300  \\$a15 pages :$billustrations ;$c26 cm
=336  \\$atext$btxt$2rdacontent
=337  \\$aunmediated$bn$2rdamedia
=338  \\$avolume$bnc$2rdacarrier
=490  1\$aStation paper ;$vno. 28
=591  \\$bNAL Reclamation
=593  \\$fAgricola CAT
=650  \0$aLoblolly pine.$0http://id.loc.gov/authorities/subjects/sh85077898
=650  \0$aForest regeneration.$0http://id.loc.gov/authorities/subjects/sh85050620
=650  \3$acutting.
=650  \3$amortality.
=655  \3$aInternet resource.
=710  1\$aUnited States.$bDepartment of Agriculture.
=710  2\$aSoutheastern Forest Experiment Station (Asheville, N.C.)$0http://id.loc.gov/authorities/names/n79063970
=830  \0$aStation paper (Southeastern Forest Experiment Station (Asheville, N.C.)) ;$vno. 28.
=856  41$uhttps://archive.org/details/growthmortalityr28mccl
=912  \\$analcatalog
=930  \\$a20140702$b20140807$c00000000
=939  \\$a20030903$b20030905$c00000000
=945  \\$dARS$e2003/08/18$fVS$g2003/08/20$n1
=945  \\$p22
=945  \\$aDigiMet
=946  \\$aUSDA
=994  \\$a92$bAGL

