=LDR  02032cam a2200493 a 4500
=001  9915531420607426
=005  20240620114840.0
=008  030909s1954\\\\ncuab\\\\\\\\f000\0\eng\\
=016  7\$aCAT11138147$2DNAL
=035  \\$a904906
=035  \\$a(OCoLC)52882860
=035  \\$a(DNAL)904906-naldb-Voyager
=040  \\$aAGL$beng$cAGL$dKLG$dMTG$dEXW$dOCLCF$dOCLCQ$dAGM$dOCL$dOCLCQ$dAGL
=049  \\$aAGLL
=050  \0$aSD144.A15$bS73 no. 41
=070  0\$a1.9622$bS4St2 no. 41
=072  \0$aK200
=072  \0$aE200
=086  0\$aA 13.63/9:41
=100  1\$aCampbell, Robert A.,$d1910-1993.$0http://id.loc.gov/authorities/names/no2010109423
=245  10$aFarm woodland management in the southern Appalachians :$ban 8-year summary /$cby Robert A. Campbell.
=260  \\$aAsheville, N.C. :$bU.S. Dept. of Agriculture, Forest Service, Southeastern Forest Experiment Station,$c[1954]
=300  \\$a9 pages :$billustrations, maps ;$c26 cm
=336  \\$atext$btxt$2rdacontent
=337  \\$aunmediated$bn$2rdamedia
=338  \\$avolume$bnc$2rdacarrier
=490  1\$aStation paper ;$vno. 41
=591  \\$bNAL Reclamation
=593  \\$fAgricola CAT
=650  \0$aWoodlots$zAppalachian Region, Southern$xManagement.
=650  \3$afarm woodlands.
=650  \3$afarm forestry.
=650  \3$aforest management.
=651  \7$aSouthern Appalachian Region.$2fast$0(OCoLC)fst01864776
=655  \3$aInternet resource.
=776  08$iOnline version:$aCampbell, Robert A., 1910-1993.$tFarm woodland management in the southern Appalachians.$dAsheville, N.C. : U.S. Dept. of Agriculture, Forest Service, Southeastern Forest Experiment Station, [1954]$w(OCoLC)981751272
=830  \0$aStation paper (Southeastern Forest Experiment Station (Asheville, N.C.)) ;$vno. 41.
=856  41$uhttps://archive.org/details/farmwoodlandmana41camp
=912  \\$analcatalog
=930  \\$a20140702$b20140807$c00000000
=939  \\$a20031001$b20031010$c00000000
=945  \\$dDF$e2003/08/20$fRY$g2003/09/09$n1
=945  \\$p16
=945  \\$aDigiMet
=946  \\$aUSDA
=994  \\$a92$bAGL

