=LDR  01541cam a2200445 a 4500
=001  9915531421707426
=005  20240620114907.0
=008  030909s1954\\\\ncu\\\\\\\\\\f000\0\eng\\
=016  7\$aCAT11138149$2DNAL
=035  \\$a904908
=035  \\$a(OCoLC)52883218
=035  \\$a(DNAL)904908-naldb-Voyager
=040  \\$aAGL$beng$cAGL$dKLG$dMTG$dOCLCF$dOCLCQ$dAGM$dOCLCQ$dAGL
=049  \\$aAGLL
=050  \0$aSD144.A15$bS73 no. 43
=070  0\$a1.9622$bS4St2 no. 43
=072  \0$aK510
=086  0\$aA 13.63/9:43
=100  1\$aAnderson, Walter C.$0http://id.loc.gov/authorities/names/n82147319
=245  10$aPine sawmilling costs by log size :$ban estimating method /$cby Walter C. Anderson.
=260  \\$aAsheville, N.C. :$bU.S. Dept. of Agriculture, Forest Service, Southeastern Forest Experiment Station,$c[1954]
=300  \\$a14 pages ;$c26 cm
=336  \\$atext$btxt$2rdacontent
=337  \\$aunmediated$bn$2rdamedia
=338  \\$avolume$bnc$2rdacarrier
=490  1\$aStation paper ;$vno. 43
=591  \\$bNAL Reclamation
=593  \\$fAgricola CAT
=650  \0$aSawmills$xCosts.
=650  \3$aPinus.
=650  \3$asawing.
=655  \3$aInternet resource.
=830  \0$aStation paper (Southeastern Forest Experiment Station (Asheville, N.C.)) ;$vno. 43.
=856  41$uhttps://archive.org/details/pinesawmillingco43ande
=912  \\$analcatalog
=930  \\$a20140702$b20140807$c00000000
=939  \\$a20031001$b20031010$c00000000
=945  \\$dDF$e2003/08/20$fRY$g2003/09/09$n1
=945  \\$p26
=945  \\$aDigiMet
=946  \\$aUSDA
=994  \\$a92$bAGL

