=LDR  01799cam a2200481 a 4500
=001  9915531423407426
=005  20240620114908.0
=008  030908s1949\\\\ncua\\\\\b\\\f000\0\eng\\
=016  7\$aCAT11138001$2DNAL
=035  \\$a904765
=035  \\$a(OCoLC)52855599
=035  \\$a(DNAL)904765-naldb-Voyager
=040  \\$aAGL$beng$cAGL$dKLG$dMTG$dOCLCF$dOCLCQ$dNOC$dAGM$dOCLCQ$dOCLCO$dAGL
=043  \\$an-us-va$an-us-nc
=049  \\$aAGLL
=050  \0$aSD144.A15$bS73 no. 5
=070  0\$a1.9622$bS4St2 no. 5
=072  \0$aK110
=086  0\$aA 13.63/9:5
=100  1\$aPomeroy, Kenneth B.$q(Kenneth Brownridge),$d1907-1975.$0http://id.loc.gov/authorities/names/no2018018091
=245  10$aLoblolly pine seed trees :$bselection, fruitfulness, and mortality /$cby Kenneth B. Pomeroy.
=260  \\$aAsheville, N.C. :$bForest Service, U.S. Dept. of Agriculture, Southeastern Forest Experiment Station,$c[1949]
=300  \\$a17 pages :$billustrations ;$c26 cm
=336  \\$atext$btxt$2rdacontent
=337  \\$aunmediated$bn$2rdamedia
=338  \\$avolume$bnc$2rdacarrier
=490  1\$aStation paper ;$vno. 5
=504  \\$aIncludes bibliographical references (pages 16-17).
=591  \\$bNAL Reclamation
=593  \\$fAgricola CAT
=650  \0$aLoblolly pine.$0http://id.loc.gov/authorities/subjects/sh85077898
=650  \3$aseed trees.
=651  \3$aVirginia
=651  \3$aNorth Carolina
=655  \3$aInternet resource.
=830  \0$aStation paper (Southeastern Forest Experiment Station (Asheville, N.C.)) ;$vno. 5.
=856  41$uhttps://archive.org/details/loblollypineseed05pome
=912  \\$analcatalog
=930  \\$a20140702$b20140807$c00000000
=939  \\$a20031001$b20031010$c00000000
=945  \\$dARS$e2003/08/15$fRY$g2003/09/08$n1
=945  \\$p22
=945  \\$aDigiMet
=946  \\$aUSDA
=994  \\$a92$bAGL

