=LDR  02012cam a2200529Ia 4500
=001  9915531459107426
=005  20240620114908.0
=008  030909s1954\\\\ncua\\\\\b\\\f000\0\eng\d
=016  7\$aCAT11138054$2DNAL
=019  \\$a1039864517$a1231888005
=035  \\$a904813
=035  \\$a(OCoLC)01740688$z(OCoLC)1039864517$z(OCoLC)1231888005
=035  \\$a(DNAL)904813-naldb-Voyager
=035  \\$z(OCoLC)1039864517$z(OCoLC)1231888005
=040  \\$aJPL$beng$cJPL$dOCL$dAGL$dOCLCQ$dKLG$dMTG$dOCLCQ$dOCLCF$dOCLCQ$dOCLCA$dAGM
=049  \\$aAGLL
=050  \0$aSD144.A15$bS73 no. 35
=070  0\$a1.9622$bS4St2 no. 35
=072  \0$aK810
=086  0\$aA 13.63/9:35
=110  1\$aByram, George M.
=245  10$aAtmospheric conditions related to blowup fires /$cby George M. Byram.
=260  \\$aAsheville, N.C. :$bU.S. Dept. of Agriculture, Southeastern Forest Experiment Station,$c[1954]
=300  \\$a31 pages :$billustrations ;$c26 cm.
=336  \\$atext$btxt$2rdacontent
=337  \\$aunmediated$bn$2rdamedia
=338  \\$avolume$bnc$2rdacarrier
=490  1\$aStation paper ;$vno. 35
=504  \\$aIncludes bibliographical references (page 23).
=591  \\$bNAL Reclamation
=593  \\$fAgricola CAT
=650  \0$aForest fires.$0http://id.loc.gov/authorities/subjects/sh85050582
=650  \0$aForests and forestry$xSafety measures.$0http://id.loc.gov/authorities/subjects/sh85050720
=650  \3$aEnvironmental factors.
=650  \3$aforest fires.
=650  \3$aFire hazard.
=650  \3$ameteorological parameters.
=655  \3$aInternet resource.
=710  2\$aSoutheastern Forest Experiment Station (Asheville, N.C.)
=830  \0$aStation paper (Southeastern Forest Experiment Station (Asheville, N.C.)) ;$vno. 35.
=856  41$uhttps://archive.org/details/atmosphericcondi35byra
=912  \\$analcatalog
=930  \\$a20140702$b20140807$c00000000
=939  \\$a20031001$b20031010$c00000000
=945  \\$dDF$e2003/08/17$fRY$g2003/09/09$n1
=945  \\$p38
=945  \\$aDigiMet
=946  \\$aUSDA
=994  \\$a92$bAGL

