=LDR  02073cam a2200517 a 4500
=001  9915531462507426
=005  20240620114912.0
=008  030821s1953\\\\ncuab\\\\\\\\f000\0\eng\\
=016  7\$aCAT11137339$2DNAL
=035  \\$a904118
=035  \\$a(OCoLC)52862863
=035  \\$a(DNAL)904118-naldb-Voyager
=040  \\$aAGL$beng$cAGL$dMTG$dKLG$dOCLCF$dOCLCQ$dOCLCO$dNOC$dAGM$dOCLCA$dOCLCQ$dAGL
=049  \\$aAGLL
=050  \0$aSD144.A15$bS73 no. 25
=070  0\$a1.9622$bS4St2 no. 25
=072  \0$aK100
=072  \0$aF831
=072  \0$aK001
=086  0\$aA 13.63/9:25
=100  1\$aCampbell, W. A.$q(William Andrew),$d1906-$0http://id.loc.gov/authorities/names/no2009036656
=245  10$aManaging shortleaf pine in littleleaf disease areas /$cby W.A. Campbell, Otis L. Copeland, Jr., and George H. Hepting.
=260  \\$aAsheville, N.C. :$bSoutheastern Forest Experiment Station, U.S. Dept. of Agriculture, Forest Service,$c[1953]
=300  \\$a10 pages :$billustrations, map ;$c26 cm
=336  \\$atext$btxt$2rdacontent
=337  \\$aunmediated$bn$2rdamedia
=338  \\$avolume$bnc$2rdacarrier
=490  1\$aStation paper ;$vno. 25
=591  \\$bNAL Reclamation
=593  \\$fAgricola CAT
=650  \0$aShortleaf pine.$0http://id.loc.gov/authorities/subjects/sh85122072
=650  \0$aLittleleaf disease of pine.$0http://id.loc.gov/authorities/subjects/sh85077692
=650  \3$aPinus echinata.
=650  \3$aForest management.
=651  \3$aSoutheastern United States.
=655  \3$aInternet resource.
=710  2\$aSoutheastern Forest Experiment Station (Asheville, N.C.)$0http://id.loc.gov/authorities/names/n79063970
=710  1\$aUnited States.$bDepartment of Agriculture.
=830  \0$aStation paper (Southeastern Forest Experiment Station (Asheville, N.C.)) ;$vno. 25.
=856  41$uhttps://archive.org/details/managingshortlea25camp
=912  \\$analcatalog
=930  \\$a20140702$b20140807$c00000000
=939  \\$a20030903$b20030905$c00000000
=945  \\$dARS$e2003/08/18$fVS$g2003/08/20$n1
=945  \\$p16
=945  \\$aDigiMet
=946  \\$aUSDA
=994  \\$a92$bAGL

