=LDR  01854cam a2200481 a 4500
=001  9915531468207426
=005  20240620114908.0
=008  030909s1954\\\\ncua\\\\\\\\\f000\0\eng\\
=016  7\$aCAT11138141$2DNAL
=035  \\$a904900
=035  \\$a(OCoLC)52873362
=035  \\$a(DNAL)904900-naldb-Voyager
=040  \\$aAGL$beng$cAGL$dKLG$dMTG$dOCLCF$dOCLCQ$dOCLCO$dNOC$dAGM$dOCLCA$dOCLCQ$dAGL
=049  \\$aAGLL
=050  \0$aSD144.A15$bS73 no. 37
=070  0\$a1.9622$bS4St2 no. 37
=072  \0$aE710
=072  \0$aK510
=086  0\$aA 13.63/9:37
=100  1\$aMcClay, T. A.$q(Thomas Alan),$d1912-1977.$0http://id.loc.gov/authorities/names/no2017166368
=245  10$aLumber grade yields in the loblolly-shortleaf pine type by the southern pine log grades /$cby T.A. McClay.
=260  \\$aAsheville, N.C. :$bU.S. Dept. of Agriculture, Forest Service, Southeastern Forest Experiment Station,$c[1954]
=300  \\$a12 pages :$billustrations ;$c26 cm
=336  \\$atext$btxt$2rdacontent
=337  \\$aunmediated$bn$2rdamedia
=338  \\$avolume$bnc$2rdacarrier
=490  1\$aStation paper ;$vno. 37
=591  \\$bNAL Reclamation
=593  \\$fAgricola CAT
=650  \0$aLumber$xGrading.
=650  \3$aPinus echinata.
=651  \3$aSoutheastern United States.
=655  \3$aInternet resource.
=710  1\$aUnited States.$bDepartment of Agriculture.
=710  2\$aSoutheastern Forest Experiment Station (Asheville, N.C.)$0http://id.loc.gov/authorities/names/n79063970
=830  \0$aStation paper (Southeastern Forest Experiment Station (Asheville, N.C.)) ;$vno. 37.
=856  41$uhttps://archive.org/details/lumbergradeyield37mccl
=912  \\$analcatalog
=930  \\$a20140702$b20140807$c00000000
=939  \\$a20031001$b20031010$c00000000
=945  \\$dDF$e2003/08/19$fRY$g2003/09/09$n1
=945  \\$p18
=945  \\$aDigiMet
=946  \\$aUSDA
=994  \\$a92$bAGL

