=LDR  01695cam a2200457 a 4500
=001  9915531481707426
=005  20240620114913.0
=008  030908s1951\\\\ncua\\\\\b\\\f000\0\eng\\
=016  7\$aCAT11138004$2DNAL
=035  \\$a904768
=035  \\$a(OCoLC)52855616
=035  \\$a(DNAL)904768-naldb-Voyager
=040  \\$aAGL$beng$cAGL$dOCLCQ$dEXW$dOCLCO$dOCLCF$dOCLCQ$dAGM$dOCLCQ$dAGL
=043  \\$an-usa--
=049  \\$aAGLL
=070  0\$a1.9622$bS4St2 no. 9
=072  \0$aK250
=100  1\$aCampbell, Robert A.,$d1910-1993.$0http://id.loc.gov/authorities/names/no2010109423
=245  10$aTree grades, yields and values for some Appalachian hardwoods /$cby Robert A. Campbell.
=260  \\$aAsheville, N.C. :$bForest Service, U.S. Dept. of Agriculture, Southeastern Forest Experiment Station,$c[1951]
=300  \\$a26 pages :$billustrations ;$c27 cm
=336  \\$atext$btxt$2rdacontent
=337  \\$aunmediated$bn$2rdamedia
=338  \\$avolume$bnc$2rdacarrier
=490  1\$aStation paper ;$vno. 9
=504  \\$aIncludes bibliographical references.
=591  \\$bNAL Reclamation
=593  \\$fAgricola CAT
=650  \0$aHardwoods$xGrading$zAppalachian Region.
=650  \3$aHardwood.
=651  \3$aAppalachian region.
=651  \7$aAppalachian Region.$2fast$0(OCoLC)fst01240092
=655  \3$aInternet resource.
=830  \0$aStation paper (Southeastern Forest Experiment Station (Asheville, N.C.)) ;$vno. 9.
=856  41$uhttps://archive.org/details/treegradesyields09camp
=912  \\$analcatalog
=930  \\$a20140702$b20140807$c00000000
=939  \\$a20031001$b20031010$c00000000
=945  \\$dARS$e2003/08/15$fRY$g2003/09/08$n1
=945  \\$p36
=945  \\$aDigiMet
=946  \\$aUSDA
=994  \\$a92$bAGL

