=LDR  02078cam a2200529 a 4500
=001  9915531490207426
=005  20240620114900.0
=008  030821s1953\\\\ncua\\\\\\\\\f000\0\eng\\
=016  7\$aCAT11137337$2DNAL
=035  \\$a904116
=035  \\$a(OCoLC)52862800
=035  \\$a(DNAL)904116-naldb-Voyager
=040  \\$aAGL$beng$cAGL$dOCLCF$dOCLCO$dOCLCQ$dNOC$dAGM$dOCLCA$dOCLCQ$dAGL
=049  \\$aAGLL
=050  \0$aSD11$b.S4St2 no.23
=070  0\$a1.9622$bS4St2 no. 23
=072  \0$aS200
=072  \0$aP120
=072  \0$aK510
=086  0\$aA 13.63/9:23
=245  04$aThe development of an automatic wood-burning furnace for curing bright-leaf tobacco :$ba progress report /$cby Walton R. Smith [and others].
=260  \\$aAsheville, N.C. :$bSoutheastern Forest Experiment Station, U.S. Dept. of Agriculture, Forest Service,$c[1953]
=300  \\$a21, 16, [2] pages :$billustrations ;$c26 cm
=336  \\$atext$btxt$2rdacontent
=337  \\$aunmediated$bn$2rdamedia
=338  \\$avolume$bnc$2rdacarrier
=490  1\$aStation paper ;$vno. 23
=591  \\$bNAL Reclamation
=593  \\$fAgricola CAT
=650  \0$aTobacco curing.$0http://id.loc.gov/authorities/subjects/sh85135730
=650  \0$aStoves, Wood.$0http://id.loc.gov/authorities/subjects/sh85128435
=650  \3$aNicotiana tabacum.
=650  \3$afurnaces.
=650  \3$afuelwood.
=650  \3$atobacco.
=655  \3$aInternet resource.
=700  1\$aSmith, Walton R.$q(Walton Ramsey),$d1910-1996.$0http://id.loc.gov/authorities/names/no2018019564
=710  2\$aSoutheastern Forest Experiment Station (Asheville, N.C.)$0http://id.loc.gov/authorities/names/n79063970
=710  1\$aUnited States.$bDepartment of Agriculture.
=830  \0$aStation paper (Southeastern Forest Experiment Station (Asheville, N.C.)) ;$vno. 23.
=856  41$uhttps://archive.org/details/developmentofaut23smit
=912  \\$analcatalog
=930  \\$a20140702$b20140807$c00000000
=939  \\$a20030903$b20030905$c00000000
=945  \\$dARS$e2003/08/18$fVS$g2003/08/20$n1
=945  \\$p58
=945  \\$aDigiMet
=946  \\$aUSDA
=994  \\$a92$bAGL

