=LDR  02033cam a2200517 a 4500
=001  9915531501107426
=005  20240620114903.0
=008  030821s1953\\\\ncuab\\\\b\\\f000\0\eng\\
=016  7\$aCAT11137345$2DNAL
=035  \\$a904124
=035  \\$a(OCoLC)52862932
=035  \\$a(DNAL)904124-naldb-Voyager
=040  \\$aAGL$beng$cAGL$dOCLCQ$dMTG$dOCLCF$dOCLCQ$dNOC$dAGM$dOCLCA$dWURST$dOCLCA$dOCLCQ$dOCLCO$dAGL
=043  \\$an-us-sc
=049  \\$aAGLL
=070  0\$a1.9622$bS4St2 no. 31
=072  \0$aK130
=086  0\$aA 13.63/9:31
=100  1\$aTodd, A. S.,$cJr.$q(Arthur Stanley),$d1911-1980.$0http://id.loc.gov/authorities/names/no2018021658
=245  10$aSawmill and logging residues in the South Carolina Piedmont :$bproblems and methods of salvage /$cby A.S. Todd, Jr.
=260  \\$aAsheville, N.C. :$bSoutheastern Forest Experiment Station, U.S. Dept. of Agriculture, Forest Service,$c[1953]
=300  \\$a[2], 32 pages (1 folded) :$billustrations, map ;$c26 cm
=336  \\$atext$btxt$2rdacontent
=337  \\$aunmediated$bn$2rdamedia
=338  \\$avolume$bnc$2rdacarrier
=490  1\$aStation paper ;$vno. 31
=591  \\$bNAL Reclamation
=593  \\$fAgricola CAT
=650  \0$aSawmills$zSouth Carolina.
=650  \0$aSlash (Logging)$zSouth Carolina.
=650  \3$awood residues.
=650  \3$aslash.
=650  \3$awaste utilization.
=651  \3$aSouth Carolina
=651  \7$aSouth Carolina.$2fast$0(OCoLC)fst01204600
=655  \3$aInternet resource.
=710  1\$aUnited States.$bDepartment of Agriculture.
=710  2\$aSoutheastern Forest Experiment Station (Asheville, N.C.)$0http://id.loc.gov/authorities/names/n79063970
=830  \0$aStation paper (Southeastern Forest Experiment Station (Asheville, N.C.)) ;$vno. 31.
=856  41$uhttps://archive.org/details/sawmillloggingre31todd
=912  \\$analcatalog
=930  \\$a20140702$b20140807$c00000000
=939  \\$a20030903$b20030905$c00000000
=945  \\$dARS$e2003/08/18$fVS$g2003/08/20$n1
=945  \\$p44
=945  \\$aDigiMet
=946  \\$aUSDA
=994  \\$a92$bAGL

