=LDR  01908cam a2200529Ia 4500
=001  9915531505407426
=005  20240620114911.0
=008  030908s1949\\\\ncua\\\\\\\\\f000\0\eng\d
=016  7\$aCAT11137965$2DNAL
=035  \\$a904729
=035  \\$a(OCoLC)17363091
=035  \\$a(DNAL)904729-naldb-Voyager
=040  \\$aGUA$beng$cGUA$dOCLCQ$dAGL$dOCLCQ$dMTG$dOCLCQ$dOCLCF$dOCLCQ$dOCLCA$dNOC$dAGM$dOCLCA
=043  \\$an-us-ga
=049  \\$aAGLL
=050  \0$aHD9757.G4$bU5
=070  0\$a1.9622$bS4St2 no. 1
=072  \0$aE700
=072  \0$aK500
=086  0\$aA 13.63/9:1
=110  2\$aSoutheastern Forest Experiment Station (Asheville, N.C.)
=245  10$aMarkets for forest products in southwest Georgia /$cby Arthur S. Todd, Jr. and John J. Zirkle, Jr.
=260  \\$aAsheville, N.C. :$bSoutheastern Forest Experiment Station,$c[1949]
=300  \\$a77 pages :$billustrations ;$c26 cm.
=336  \\$atext$btxt$2rdacontent
=337  \\$aunmediated$bn$2rdamedia
=338  \\$avolume$bnc$2rdacarrier
=490  1\$aStation paper ;$vno. 1
=591  \\$bNAL Reclamation
=593  \\$fAgricola CAT
=650  \0$aForest products$zGeorgia.
=650  \3$aforest products industry.
=650  \3$amarkets.
=651  \3$aGeorgia.
=651  \7$aGeorgia.$2fast$0(OCoLC)fst01204622
=655  \3$aInternet resource.
=700  1\$aTodd, A. S.,$cJr.$q(Arthur Stanley),$d1911-1980.$0http://id.loc.gov/authorities/names/no2018021658
=700  1\$aZirkle, John J.
=710  2\$aSoutheastern Forest Experiment Station (Asheville, N.C.)
=830  \0$aStation paper (Southeastern Forest Experiment Station (Asheville, N.C.)) ;$vno. 1.
=856  41$uhttps://archive.org/details/marketsforforest01sout
=912  \\$analcatalog
=930  \\$a20140702$b20140807$c00000000
=939  \\$a20031001$b20031010$c00000000
=945  \\$dARS$e2003/08/05$fRY$g2003/09/08$n1
=945  \\$p86
=945  \\$aDigiMet
=946  \\$aUSDA
=994  \\$a92$bAGL

