=LDR  01891cam a2200481Ia 4500
=001  9915531511507426
=005  20240620114911.0
=008  030826s1960\\\\ncu\\\\\\b\\\f000\0\eng\d
=016  7\$aCAT11137533$2DNAL
=035  \\$a904309
=035  \\$a(OCoLC)46865823
=035  \\$a(DNAL)904309-naldb-Voyager
=040  \\$aNOC$beng$cNOC$dAGL$dMTG$dOCLCF$dOCLCQ$dKLG$dOCLCA$dAGM$dOCL
=049  \\$aAGLL
=050  \0$aSD144.A15$bS73 no. 117
=070  0\$a1.9622$bS4St2 no. 117
=072  \0$aK000
=086  0\$aA 13.63/9:117
=245  00$aPublications of the Southeastern Forest Experiment Station 1921-1958 /$ccompiled by Hilda J. Brown.
=260  \\$aAsheville, N.C. :$bU.S. Dept. of Agriculture, Forest Service, Southeastern Forest Experiment Station,$c1[960]
=300  \\$a115 pages ;$c23 cm.
=336  \\$atext$btxt$2rdacontent
=337  \\$aunmediated$bn$2rdamedia
=338  \\$avolume$bnc$2rdacarrier
=490  1\$aStation paper ;$vno. 117
=591  \\$bNAL Reclamation
=593  \\$fAgricola CAT
=610  20$aSoutheastern Forest Experiment Station (Asheville, N.C.)$vBibliography.
=610  27$aSoutheastern Forest Experiment Station (Asheville, N.C.)$2fast$0(OCoLC)fst00533634
=650  \0$aForests and forestry$vBibliography.$0http://id.loc.gov/authorities/subjects/sh85050709
=650  \3$apublications.
=655  \3$aInternet resource.
=655  \7$aBibliographies.$2fast$0(OCoLC)fst01919895
=700  1\$aBrown, Hilda J.
=710  2\$aSoutheastern Forest Experiment Station (Asheville, N.C.)
=830  \0$aStation paper (Southeastern Forest Experiment Station (Asheville, N.C.)) ;$vno. 117.
=856  41$uhttps://archive.org/details/publicationsofso117brow
=912  \\$analcatalog
=930  \\$a20140702$b20140807$c00000000
=939  \\$a20030903$b20030905$c00000000
=945  \\$dARS$e2003/08/19$fAR$g2003/08/26$n1
=945  \\$p124
=945  \\$aDigiMet
=946  \\$aUSDA
=994  \\$a92$bAGL

