=LDR  02351cam a2200589Ia 4500
=001  9915531517407426
=005  20240624174714.0
=008  030909s1954\\\\ncuab\\\\b\\\f000\0\eng\d
=016  7\$aCAT11138055$2DNAL
=035  \\$a904814
=035  \\$a(OCoLC)01748946
=035  \\$a(DNAL)904814-naldb-Voyager
=040  \\$aJPL$beng$cJPL$dOCL$dAGL$dOCLCQ$dOCLCG$dOCLCA$dKLG$dMTG$dOCLCQ$dOCLCF$dOCLCQ$dOCLCA$dNOC$dAGM$dOCLCA
=043  \\$an-us-fl
=049  \\$aAGLL
=050  \0$aSD144.A15$bS73 no. 36
=070  0\$a1.9622$bS4St2 no. 36
=072  \0$aF700
=072  \0$aK001
=086  0\$aA 13.63/9:36
=100  1\$aLittle, Elbert L.$q(Elbert Luther),$d1907-2004.$0http://id.loc.gov/authorities/names/n80057318
=245  10$aSlash pine (Pinus elliottii), including south Florida slash pine :$bnomenclature and description /$cby Elbert L. Little, Jr. and Keith W. Dorman.
=260  \\$aAsheville, N.C. :$bU.S. Dept. of Agriculture, Forest Service, Southeastern Forest Experiment Station,$c[1954]
=300  \\$aii, 82 pages :$billustrations, map ;$c26 cm.
=336  \\$atext$btxt$2rdacontent
=337  \\$aunmediated$bn$2rdamedia
=338  \\$avolume$bnc$2rdacarrier
=490  1\$aStation paper ;$vno. 36
=504  \\$aIncludes bibliographical references (pages 74-82).
=591  \\$bNAL Reclamation
=593  \\$fAgricola CAT
=650  \0$aSlash pine$zFlorida$vNomenclature.
=650  \0$aForests and forestry$zFlorida.
=650  \3$aPinus elliottii.
=650  \3$ataxonomy.
=651  \3$aFlorida.
=651  \7$aFlorida.$2fast$0(OCoLC)fst01205150
=655  \3$aInternet resource.
=655  \7$aTerminology.$2fast$0(OCoLC)fst01423880
=700  1\$aDorman, Keith W.$q(Keith William),$d1910-$0http://id.loc.gov/authorities/names/no2003062505
=710  1\$aUnited States.$bDepartment of Agriculture.
=710  2\$aSoutheastern Forest Experiment Station (Asheville, N.C.)
=830  \0$aStation paper (Southeastern Forest Experiment Station (Asheville, N.C.)) ;$vno. 36.
=856  41$uhttps://archive.org/details/slashpinepinusel36litt
=912  \\$analcatalog
=930  \\$a20140702$b20140807$c00000000
=939  \\$a20130111$b20130201$c00000000
=939  \\$a20031001$b20031010$c00000000
=945  \\$dDF$e2003/08/19$fRY$g2003/09/09$n1
=945  \\$p90
=945  \\$aDigiMet
=946  \\$aUSDA
=959  \\$c2013-01-11$essouder$gother
=994  \\$a92$bAGL

