=LDR  02086cam a2200541Ia 4500
=001  9915531540907426
=005  20240620114914.0
=008  030909s1954\\\\ncua\\\\\b\\\f000\0\eng\d
=016  7\$aCAT11138052$2DNAL
=035  \\$a904811
=035  \\$a(OCoLC)01738459
=035  \\$a(DNAL)904811-naldb-Voyager
=040  \\$aJPL$beng$cJPL$dOCL$dOCLCQ$dAGL$dOCLCQ$dOCLCG$dKLG$dMTG$dOCLCQ$dOCLCF$dOCLCQ$dOCLCA$dNOC$dOCLCA$dAGM$dOCLCA
=043  \\$an-us-fl
=049  \\$aAGLL
=050  \0$aSD144.A15$bS73 no. 45
=070  0\$a1.9622$bS4St2 no. 45
=072  \0$aF200
=072  \0$aK001
=086  0\$aA 13.63/9:45
=100  1\$aMergen, François,$d1925-1989.
=245  10$aTree improvement research at the Lake City, Florida, Research Center :$ba project analysis /$cby Francois Mergen and Kenneth B. Pomeroy.
=260  \\$aAsheville, N.C. :$bU.S. Dept. of Agriculture, Forest Service, Southeastern Forest Experiment Station,$c[1954]
=300  \\$a59 pages :$billustrations ;$c26 cm.
=336  \\$atext$btxt$2rdacontent
=337  \\$aunmediated$bn$2rdamedia
=338  \\$avolume$bnc$2rdacarrier
=490  1\$aStation paper ;$vno. 45
=504  \\$aIncludes bibliographical references (pages 43-47).
=591  \\$bNAL Reclamation
=593  \\$fAgricola CAT
=650  \0$aForest genetics$zFlorida.
=650  \0$aForests and forestry$zFlorida.
=650  \3$aForest trees.
=650  \3$aGenetic improvement.
=651  \3$aFlorida.
=651  \7$aFlorida.$2fast$0(OCoLC)fst01205150
=655  \3$aInternet resource.
=700  1\$aPomeroy, Kenneth B.$q(Kenneth Brownridge),$d1907-1975.$0http://id.loc.gov/authorities/names/no2018018091
=710  2\$aSoutheastern Forest Experiment Station (Asheville, N.C.)
=830  \0$aStation paper (Southeastern Forest Experiment Station (Asheville, N.C.)) ;$vno. 45.
=856  41$uhttps://archive.org/details/treeimprovementr451925
=912  \\$analcatalog
=930  \\$a20140702$b20140807$c00000000
=939  \\$a20031001$b20031010$c00000000
=945  \\$dDF$e2003/08/21$fRY$g2003/09/09$n1
=945  \\$p70
=945  \\$aDigiMet
=946  \\$aUSDA
=994  \\$a92$bAGL

