=LDR  01784cam a2200469 a 4500
=001  9915531542107426
=005  20240620114909.0
=008  030908s1949\\\\ncuab\\\\b\\\f001\0\eng\\
=016  7\$aCAT11138002$2DNAL
=035  \\$a904766
=035  \\$a(OCoLC)52855607
=035  \\$a(DNAL)904766-naldb-Voyager
=040  \\$aAGL$beng$cAGL$dOCLCG$dKLG$dMTG$dOCLCF$dOCLCQ$dNOC$dOCLCA$dOCL$dOCLCQ$dAGL
=049  \\$aAGLL
=050  \0$aSD144.A15$bS73 no. 6
=070  0\$a1.9622$bS4St2 no. 6
=072  \0$aK000
=086  0\$aA 13.63/9:6
=100  1\$aDorman, Keith W.$q(Keith William),$d1910-$0http://id.loc.gov/authorities/names/no2003062505
=245  10$aLoblolly pine bibliography /$ccompiled by Keith W. Dorman and Ivan H. Sims.
=260  \\$aAsheville, N.C. :$bSoutheastern Forest Experiment Station,$c[1949]
=300  \\$a65 pages :$billustrations, map ;$c26 cm
=336  \\$atext$btxt$2rdacontent
=337  \\$aunmediated$bn$2rdamedia
=338  \\$avolume$bnc$2rdacarrier
=490  1\$aStation paper ;$vno. 6
=591  \\$bNAL Reclamation
=593  \\$fAgricola CAT
=650  \0$aLoblolly pine$vBibliography.
=655  \3$aInternet resource.
=655  \7$aBibliographies.$2fast$0(OCoLC)fst01919895
=700  1\$aSims, Ivan H.
=710  1\$aUnited States.$bDepartment of Agriculture.
=710  2\$aSoutheastern Forest Experiment Station (Asheville, N.C.)$0http://id.loc.gov/authorities/names/n79063970
=830  \0$aStation paper (Southeastern Forest Experiment Station (Asheville, N.C.)) ;$vno. 6.
=856  41$uhttps://archive.org/details/loblollypinebibl06dorm
=912  \\$analcatalog
=930  \\$a20140702$b20140807$c00000000
=939  \\$a20031001$b20031010$c00000000
=945  \\$dARS$e2003/08/15$fRY$g2003/09/08$n1
=945  \\$p74
=945  \\$aDigiMet
=946  \\$aUSDA
=994  \\$a92$bAGL

