=LDR  01646cam a2200469 a 4500
=001  9915531567507426
=005  20240620114932.0
=008  030821s1951\\\\ncub\\\\\\\\\f000\0\eng\\
=016  7\$aCAT11137330$2DNAL
=035  \\$a904109
=035  \\$a(OCoLC)52862726
=035  \\$a(DNAL)904109-naldb-Voyager
=040  \\$aAGL$beng$cAGL$dOCLCQ$dKLG$dOCLCF$dOCLCQ$dOCLCO$dOCLCA$dAGM$dOCLCQ$dAGL
=043  \\$an-usu--
=049  \\$aAGLL
=050  \0$aSD144.A15$bS73 no. 13
=070  0\$a1.9622$bS4St2 no. 13
=072  \0$aK000
=100  1\$aDemmon, E. L.$q(Elwood Leonard),$d1892-1981.
=245  10$aForest research in the Southeast /$cby E.L. Demmon.
=260  \\$aAsheville, N.C. :$bSoutheastern Forest Experiment Station, U.S. Dept. of Agriculture, Forest Service,$c[1951]
=300  \\$a11 pages :$bmap ;$c26 cm
=336  \\$atext$btxt$2rdacontent
=337  \\$aunmediated$bn$2rdamedia
=338  \\$avolume$bnc$2rdacarrier
=490  1\$aStation paper ;$vno. 13
=591  \\$bNAL Reclamation
=593  \\$fAgricola CAT
=650  \0$aForests and forestry$xResearch$zSouthern States.
=650  \3$aforestry.
=650  \3$aresearch.
=651  \3$aSoutheastern United States.
=651  \7$aSouthern States.$2fast$0(OCoLC)fst01244550
=655  \3$aInternet resource.
=830  \0$aStation paper (Southeastern Forest Experiment Station (Asheville, N.C.)) ;$vno. 13.
=856  41$uhttps://archive.org/details/forestresearchin13demm
=912  \\$analcatalog
=930  \\$a20140702$b20140807$c00000000
=939  \\$a20030903$b20030905$c00000000
=945  \\$dARS$e2003/08/18$fVS$g2003/08/20$n1
=945  \\$p20
=945  \\$aDigiMet
=946  \\$aUSDA
=994  \\$a92$bAGL

