=LDR  01969cam a2200529Ia 4500
=001  9915531580107426
=005  20240620114957.0
=008  030821s1952\\\\ncu\\\\\\\\\\f000\0\eng\d
=016  7\$aCAT11137274$2DNAL
=035  \\$a904053
=035  \\$a(OCoLC)48546723
=035  \\$a(DNAL)904053-naldb-Voyager
=040  \\$aWRJ$beng$cWRJ$dAGL$dKLG$dMTG$dOCLCF$dOCLCQ$dOCLCO$dOCLCA$dAGM$dOCLCQ
=043  \\$an-usu--
=049  \\$aAGLL
=050  \0$aSD144.A15$bS73 no. 20
=070  0\$a1.9622$bS4St2 no. 20
=072  \0$aF200
=072  \0$aK001
=086  0\$aA 13.40/2:G 28/2x
=086  0\$aA 13.63/9:20
=245  00$aSuggested projects in the genetic improvement of Southern forest trees /$cby the Committee on Southern Forest Tree Improvement.
=260  \\$aAsheville, N.C. :$bForest Service, U.S. Dept. of Agriculture, Southeastern Forest Experiment Station,$c[1952]
=300  \\$a12 pages ;$c27 cm
=336  \\$atext$btxt$2rdacontent
=337  \\$aunmediated$bn$2rdamedia
=338  \\$avolume$bnc$2rdacarrier
=490  1\$aStation paper ;$vno. 20
=591  \\$bNAL Reclamation
=593  \\$fAgricola CAT
=650  \0$aTrees$zSouthern States$xGenetics.
=650  \0$aForest genetics$zSouthern States.
=650  \3$aforest trees.
=650  \3$agenetic improvement.
=651  \3$aSoutheastern United States.
=651  \7$aSouthern States.$2fast$0(OCoLC)fst01244550
=655  \3$aInternet resource.
=710  2\$aCommittee on Southern Forest Tree Improvement.$0http://id.loc.gov/authorities/names/n82116540
=710  2\$aSoutheastern Forest Experiment Station (Asheville, N.C.)
=830  \0$aStation paper (Southeastern Forest Experiment Station (Asheville, N.C.)) ;$vno. 20.
=856  41$uhttps://archive.org/details/suggestedproject20comm
=912  \\$analcatalog
=930  \\$a20140702$b20140807$c00000000
=939  \\$a20030903$b20030905$c00000000
=945  \\$dARS$e2003/08/18$fVS$g2003/08/20$n1
=945  \\$p22
=945  \\$aDigiMet
=946  \\$aUSDA
=994  \\$a92$bAGL

