=LDR  01680cam a2200469 a 4500
=001  9915531607307426
=005  20240620114948.0
=008  030908s1949\\\\ncuab\\\\b\\\f000\0\eng\\
=016  7\$aCAT11137999$2DNAL
=035  \\$a904763
=035  \\$a(OCoLC)52855579
=035  \\$a(DNAL)904763-naldb-Voyager
=040  \\$aAGL$beng$cAGL$dOCLCQ$dLHL$dOCLCF$dOCLCQ$dOCLCO$dOCLCA$dAGM$dOCLCQ$dAGL
=043  \\$an-usu--
=049  \\$aAGLL
=070  0\$a1.9622$bS4St2 no. 2
=072  \0$aK000
=086  0\$aA 13.63/9:2
=110  2\$aSoutheastern Forest Experiment Station (Asheville, N.C.)
=245  10$aBiennial report of the Southeastern Forest Experiment Station for the years 1947 and 1948.
=260  \\$aAsheville, N.C. :$bSoutheastern Forest Experiment Station,$c[1949]
=300  \\$a61 pages :$billustrations, maps (1 color) ;$c26 cm
=336  \\$atext$btxt$2rdacontent
=337  \\$aunmediated$bn$2rdamedia
=338  \\$avolume$bnc$2rdacarrier
=490  1\$aStation paper ;$vno. 2
=504  \\$aIncludes bibliographical references (pages 49-61).
=591  \\$bNAL Reclamation
=593  \\$fAgricola CAT
=650  \0$aForests and forestry$zSouthern States.
=650  \3$aforestry.
=650  \3$aresearch.
=651  \7$aSouthern States.$2fast$0(OCoLC)fst01244550
=655  \3$aInternet resource.
=830  \0$aStation paper (Southeastern Forest Experiment Station (Asheville, N.C.)) ;$vno. 2.
=856  41$uhttps://archive.org/details/biennialreportof02sout
=912  \\$analcatalog
=930  \\$a20140702$b20140807$c00000000
=939  \\$a20031001$b20031010$c00000000
=945  \\$dARS$e2003/08/15$fRY$g2003/09/08$n1
=945  \\$p70
=945  \\$aDigiMet
=946  \\$aUSDA
=994  \\$a92$bAGL

