=LDR  01901cam a2200493 a 4500
=001  9915531617407426
=005  20240620115000.0
=008  030821s1953\\\\ncua\\\\\b\\\f000\0\eng\\
=016  7\$aCAT11137344$2DNAL
=035  \\$a904123
=035  \\$a(OCoLC)52862911
=035  \\$a(DNAL)904123-naldb-Voyager
=040  \\$aAGL$beng$cAGL$dOCLCQ$dKLG$dLHL$dEXW$dOCLCO$dOCLCF$dOCLCQ$dNOC$dAGM$dWURST$dOCLCA$dOCLCQ$dAGL
=043  \\$an-usa--
=049  \\$aAGLL
=050  \0$aSD144.A15$bS73 no. 30
=070  0\$a1.9622$bS4St2 no. 30
=072  \0$aK130
=086  0\$aA 13.63/9:30
=100  1\$aCampbell, Robert A.,$d1910-1993.$0http://id.loc.gov/authorities/names/no2010109423
=245  10$aLogging methods and costs in the southern Appalachians /$cby Robert A. Campbell.
=260  \\$aAsheville, N.C. :$bSoutheastern Forest Experiment Station, U.S. Dept. of Agriculture, Forest Service,$c[1953]
=300  \\$a29 pages :$billustrations ;$c26 cm
=336  \\$atext$btxt$2rdacontent
=337  \\$aunmediated$bn$2rdamedia
=338  \\$avolume$bnc$2rdacarrier
=490  1\$aStation paper ;$vno. 30
=591  \\$bNAL Reclamation
=593  \\$fAgricola CAT
=650  \0$aLogging$zAppalachian Region.
=650  \3$alogging.
=651  \3$aAppalachian region.
=651  \7$aAppalachian Region.$2fast$0(OCoLC)fst01240092
=655  \3$aInternet resource.
=710  1\$aUnited States.$bDepartment of Agriculture.
=710  2\$aSoutheastern Forest Experiment Station (Asheville, N.C.)$0http://id.loc.gov/authorities/names/n79063970
=830  \0$aStation paper (Southeastern Forest Experiment Station (Asheville, N.C.)) ;$vno. 30.
=856  41$uhttps://archive.org/details/loggingmethodsco30camp
=912  \\$analcatalog
=930  \\$a20140702$b20140807$c00000000
=939  \\$a20030903$b20030905$c00000000
=945  \\$dARS$e2003/08/18$fVS$g2003/08/20$n1
=945  \\$p38
=945  \\$aDigiMet
=946  \\$aUSDA
=994  \\$a92$bAGL

