=LDR  01587cam a2200445 a 4500
=001  9915531638107426
=005  20240620115006.0
=008  030909s1954\\\\ncua\\\\\b\\\f000\0\eng\\
=016  7\$aCAT11138140$2DNAL
=035  \\$a904899
=035  \\$a(OCoLC)52871230
=035  \\$a(DNAL)904899-naldb-Voyager
=040  \\$aAGL$beng$cAGL$dOCLCQ$dLHL$dOCLCF$dOCLCQ$dOCLCO$dOCLCA$dOCLCQ$dAGL
=043  \\$an-usu--
=049  \\$aAGLL
=070  0\$a1.9622$bS4St2 no. 34
=072  \0$aK000
=086  0\$aA 13.63/9:34
=110  2\$aSoutheastern Forest Experiment Station (Asheville, N.C.)
=245  10$aAnnual report 1953.
=260  \\$aAsheville, N.C. :$bSoutheastern Forest Experiment Station, U.S. Dept. of Agriculture, Forest Service,$c[1954]
=300  \\$a52, [18] pages :$billustrations ;$c26 cm
=336  \\$atext$btxt$2rdacontent
=337  \\$aunmediated$bn$2rdamedia
=338  \\$avolume$bnc$2rdacarrier
=490  1\$aStation paper ;$vno. 34
=504  \\$aIncludes bibliographical references (pages 53-70).
=591  \\$bNAL Reclamation
=593  \\$fAgricola CAT
=650  \0$aForests and forestry$zSouthern States.
=651  \7$aSouthern States.$2fast$0(OCoLC)fst01244550
=655  \3$aInternet resource.
=830  \0$aStation paper (Southeastern Forest Experiment Station (Asheville, N.C.)) ;$vno. 34.
=856  41$uhttps://archive.org/details/annualreport195334sout
=912  \\$analcatalog
=930  \\$a20140702$b20140807$c00000000
=939  \\$a20031001$b20031010$c00000000
=945  \\$dDF$e2003/08/19$fRY$g203/09/09$n1
=945  \\$p78
=945  \\$aDigiMet
=946  \\$aUSDA
=994  \\$a92$bAGL

