=LDR  01526cam a2200433 a 4500
=001  9915531640607426
=005  20240620115004.0
=008  030821s1953\\\\ncua\\\\\b\\\f000\0\eng\\
=016  7\$aCAT11137336$2DNAL
=035  \\$a904115
=035  \\$a(OCoLC)52862788
=035  \\$a(DNAL)904115-naldb-Voyager
=040  \\$aAGL$beng$cAGL$dOCLCQ$dLHL$dOCLCF$dOCLCQ$dOCLCO$dOCLCA$dOCLCQ$dAGL
=043  \\$an-usu--
=049  \\$aAGLL
=070  0\$a1.9622$bS4St2 no. 22
=072  \0$aK000
=086  0\$aA 13.63/9:22
=110  2\$aSoutheastern Forest Experiment Station (Asheville, N.C.)
=245  10$aAnnual report 1952.
=260  \\$aAsheville, N.C. :$bSoutheastern Forest Experiment Station, U.S. Dept. of Agriculture, Forest Service,$c[1953]
=300  \\$aiii, 42, [8] pages :$billustrations ;$c26 cm
=336  \\$atext$btxt$2rdacontent
=337  \\$aunmediated$bn$2rdamedia
=338  \\$avolume$bnc$2rdacarrier
=490  1\$aStation paper ;$vno. 22
=591  \\$bNAL Reclamation
=593  \\$fAgricola CAT
=650  \0$aForests and forestry$zSouthern States.
=651  \7$aSouthern States.$2fast$0(OCoLC)fst01244550
=655  \3$aInternet resource.
=830  \0$aStation paper (Southeastern Forest Experiment Station (Asheville, N.C.)) ;$vno. 22.
=856  41$uhttps://archive.org/details/annualreport195222sout
=912  \\$analcatalog
=930  \\$a20140702$b20140807$c00000000
=939  \\$a20030903$b20030905$c00000000
=945  \\$dARS$e2003/08/18$fVS$g2003/08/20$n1
=945  \\$p60
=945  \\$aDigiMet
=946  \\$aUSDA
=994  \\$a92$bAGL

