=LDR  01756cam a2200469 a 4500
=001  9915531641707426
=005  20240620114955.0
=008  030909s1954\\\\ncua\\\\\b\\\f000\0\eng\\
=016  7\$aCAT11138148$2DNAL
=035  \\$a904907
=035  \\$a(OCoLC)52883116
=035  \\$a(DNAL)904907-naldb-Voyager
=040  \\$aAGL$beng$cAGL$dMTG$dKLG$dOCLCF$dOCLCQ$dOCLCO$dAGM$dOCLCQ$dAGL
=049  \\$aAGLL
=050  \0$aSD144.A15$bS73 no.42
=070  0\$a1.9622$bS4St2 no. 42
=072  \0$aJ200
=086  0\$aA 13.63/9:42
=100  1\$aHoover, Marvin D.
=245  10$aSoil sampling for pore space and percolation /$cby Marvin D. Hoover, David F. Olson, Jr., and Louis J. Metz.
=260  \\$aAsheville, N.C. :$bU.S. Dept. of Agriculture, Forest Service, Southeastern Forest Experiment Station,$c[1954]
=300  \\$a28, [1] pages :$billustrations ;$c26 cm
=336  \\$atext$btxt$2rdacontent
=337  \\$aunmediated$bn$2rdamedia
=338  \\$avolume$bnc$2rdacarrier
=490  1\$aStation paper ;$vno. 42
=504  \\$aIncludes bibliographical references (page 29).
=591  \\$bNAL Reclamation
=593  \\$fAgricola CAT
=650  \0$aSoils$xSampling.$0http://id.loc.gov/authorities/subjects/sh85124444
=650  \0$aSoil percolation.$0http://id.loc.gov/authorities/subjects/sh85124366
=650  \3$asampling.
=650  \3$aSoil properties.
=655  \3$aInternet resource.
=830  \0$aStation paper (Southeastern Forest Experiment Station (Asheville, N.C.)) ;$vno. 42.
=856  41$uhttps://archive.org/details/soilsamplingforp42hoov
=912  \\$analcatalog
=930  \\$a20140702$b20140807$c00000000
=939  \\$a20031001$b20031010$c00000000
=945  \\$dDF$e2003/08/20$fRY$g2003/09/09$n1
=945  \\$p34
=945  \\$aDigiMet
=946  \\$aUSDA
=994  \\$a92$bAGL

