=LDR  01881cam a2200493 a 4500
=001  9915531649207426
=005  20240620114959.0
=008  030821s1953\\\\ncuab\\\\\\\\f000\0\eng\\
=016  7\$aCAT11137335$2DNAL
=035  \\$a904114
=035  \\$a(OCoLC)52862773
=035  \\$a(DNAL)904114-naldb-Voyager
=040  \\$aAGL$beng$cAGL$dMTG$dKLG$dOCLCF$dOCLCQ$dOCLCO$dNOC$dAGM$dOCLCA$dOCLCQ$dAGL
=049  \\$aAGLL
=050  \0$aSD144.A15$bS73 no. 21
=070  0\$a1.9622$bS4St2 no. 21
=072  \0$aB200
=072  \0$aK001
=086  0\$aA 13.63/9:21
=100  1\$aHoover, Marvin D.
=245  10$aInterception of rainfall in a young loblolly pine plantation /$cby Marvin D. Hoover.
=260  \\$aAsheville, N.C. :$bSoutheastern Forest Experiment Station, U.S. Dept. of Agriculture, Forest Service,$c[1953]
=300  \\$a13 pages :$billustrations, map ;$c26 cm
=336  \\$atext$btxt$2rdacontent
=337  \\$aunmediated$bn$2rdamedia
=338  \\$avolume$bnc$2rdacarrier
=490  1\$aStation paper ;$vno. 21
=591  \\$bNAL Reclamation
=593  \\$fAgricola CAT
=650  \0$aRain and rainfall.$0http://id.loc.gov/authorities/subjects/sh85111188
=650  \0$aLoblolly pine.$0http://id.loc.gov/authorities/subjects/sh85077898
=650  \3$arain.
=650  \3$aforest plantations.
=655  \3$aInternet resource.
=710  2\$aSoutheastern Forest Experiment Station (Asheville, N.C.)$0http://id.loc.gov/authorities/names/n79063970
=710  1\$aUnited States.$bDepartment of Agriculture.
=830  \0$aStation paper (Southeastern Forest Experiment Station (Asheville, N.C.)) ;$vno. 21.
=856  41$uhttps://archive.org/details/interceptionofra21hoov
=912  \\$analcatalog
=930  \\$a20140702$b20140807$c00000000
=939  \\$a20030903$b20030905$c00000000
=945  \\$dARS$e2003/08/18$fVS$g2003/08/20$n1
=945  \\$p22
=945  \\$aDigiMet
=946  \\$aUSDA
=994  \\$a92$bAGL

