=LDR  01750cam a2200481Ia 4500
=001  9915531671407426
=005  20240620114947.0
=008  030819s1961\\\\ncuab\\\\b\\\f000\0\eng\\
=016  7\$aCAT11137235$2DNAL
=035  \\$a904014
=035  \\$a(OCoLC)52872200
=035  \\$a(DNAL)904014-naldb-Voyager
=040  \\$aAGL$beng$cAGL$dKLG$dMTG$dOCLCQ$dNOC$dOCLCF$dAGM$dAGL
=049  \\$aAGLL
=050  \0$aSD144.A15$bS73 no. 120
=070  0\$a1.9622$bS4St2 no. 120
=072  \0$aF900
=086  0\$aA 13.63/9:120
=100  1\$aBrender, E. V.$q(Ernst Victor),$d1905-1985.$0http://id.loc.gov/authorities/names/no2017142423
=245  10$aControl of honeysuckle and kudzu /$cby E.V. Brender.
=260  \\$aAsheville, N.C. :$bU.S. Dept. of Agriculture, Forest Service, Southeastern Forest Experiment Station,$c[1961]
=300  \\$a9 pages :$billustrations, map ;$c27 cm.
=336  \\$atext$btxt$2rdacontent
=337  \\$aunmediated$bn$2rdamedia
=338  \\$avolume$bnc$2rdacarrier
=490  1\$aStation paper ;$vno. 120
=591  \\$bNAL Reclamation
=593  \\$fAgricola CAT
=650  \0$aHoneysuckles$xControl.
=650  \0$aKudzu$xControl.
=650  \0$aInvasive plants.$0http://id.loc.gov/authorities/subjects/sh95005232
=650  \3$aLonicera japonica.
=650  \3$aPueraria montana var. lobata.
=650  \3$aweed control.
=655  \3$aInternet resource.
=830  \0$aStation paper (Southeastern Forest Experiment Station (Asheville, N.C.)) ;$vno. 120.
=856  41$uhttps://archive.org/details/controlofhoneysu120bren
=912  \\$analcatalog
=930  \\$a20140702$b20140807$c00000000
=939  \\$a20030903$b20030905$c00000000
=945  \\$dARS$e2003/08/19$fRY$g2003/08/19$n1
=945  \\$p18
=945  \\$aDigiMet
=946  \\$aUSDA
=994  \\$a92$bAGL

