=LDR  01987cam a2200529 a 4500
=001  9915531674307426
=005  20240620114956.0
=008  030821s1952\\\\ncua\\\\\b\\\f000\0\eng\\
=016  7\$aCAT11137333$2DNAL
=035  \\$a904112
=035  \\$a(OCoLC)52862754
=035  \\$a(DNAL)904112-naldb-Voyager
=040  \\$aAGL$beng$cAGL$dOCLCQ$dKLG$dOCLCF$dOCLCQ$dOCLCO$dNOC$dAGM$dOCLCA$dLHL$dOCLCQ$dOCLCO$dAGL
=043  \\$an-us-ga
=049  \\$aAGLL
=050  \0$aSD144.A15$bS73 no. 18
=070  0\$a1.9622$bS4St2 no. 18
=072  \0$aK120
=086  0\$aA 13.63/9:18
=100  1\$aBrender, E. V.$q(Ernst Victor),$d1905-1985.$0http://id.loc.gov/authorities/names/no2017142423
=245  10$aRe-establishing pine on Piedmont cut-over land /$cby E.V. Brender and T.C. Nelson.
=260  \\$aAsheville, N.C. :$bSoutheastern Forest Experiment Station, U.S. Dept. of Agriculture, Forest Service,$c[1952]
=300  \\$a8 pages :$billustrations ;$c26 cm
=336  \\$atext$btxt$2rdacontent
=337  \\$aunmediated$bn$2rdamedia
=338  \\$avolume$bnc$2rdacarrier
=490  1\$aStation paper ;$vno. 18
=591  \\$bNAL Reclamation
=593  \\$fAgricola CAT
=650  \0$aPine$zGeorgia.
=650  \0$aPlant reintroduction$zGeorgia.
=650  \3$aPinus elliottii.
=650  \3$ahardwood.
=650  \3$aplant competition.
=651  \3$aGeorgia
=651  \7$aGeorgia.$2fast$0(OCoLC)fst01204622
=655  \3$aInternet resource.
=710  1\$aUnited States.$bDepartment of Agriculture.
=710  2\$aSoutheastern Forest Experiment Station (Asheville, N.C.)$0http://id.loc.gov/authorities/names/n79063970
=830  \0$aStation paper (Southeastern Forest Experiment Station (Asheville, N.C.)) ;$vno. 18.
=856  41$uhttps://archive.org/details/reestablishingpi18bren
=912  \\$analcatalog
=930  \\$a20140702$b20140807$c00000000
=939  \\$a20030903$b20030905$c00000000
=945  \\$dARS$e2003/08/18$fVS$g2003/08/20$n1
=945  \\$p16
=945  \\$aDigiMet
=946  \\$aUSDA
=994  \\$a92$bAGL

