=LDR  02000cam a2200493Ia 4500
=001  9915531674707426
=005  20240620114957.0
=008  030904s1958\\\\ncuab\\\\b\\\f000\0\eng\d
=016  7\$aCAT11137825$2DNAL
=019  \\$a1039874523$a1231783502
=035  \\$a904590
=035  \\$a(OCoLC)50544488$z(OCoLC)1039874523$z(OCoLC)1231783502
=035  \\$a(DNAL)904590-naldb-Voyager
=035  \\$z(OCoLC)1039874523$z(OCoLC)1231783502
=040  \\$aVXG$beng$cVXG$dAGL$dOCLCG$dKLG$dMTG$dLHL$dOCLCF$dOCLCQ$dNOC$dAGM$dOCLCA
=049  \\$aAGLL
=050  \0$aSD144.A15$bS73 no. 98
=070  0\$a1.9622$bS4St2 no. 98
=072  \0$aF300
=072  \0$aK001
=086  0\$aA 13.63/9:98
=100  1\$aWenger, Karl F.$q(Karl Frederick),$d1918-$0http://id.loc.gov/authorities/names/no99056434
=245  10$aSilvical characteristics of loblolly pine (Pinus taeda L.) /$cby Karl F. Wenger.
=260  \\$aAsheville, N.C. :$bU.S. Dept. of Agriculture, Forest Service, Southeastern Forest Experiment Station,$c[1958]
=300  \\$a32 pages :$billustrations, map ;$c27 cm.
=336  \\$atext$btxt$2rdacontent
=337  \\$aunmediated$bn$2rdamedia
=338  \\$avolume$bnc$2rdacarrier
=490  1\$aStation paper ;$vno. 98
=504  \\$aIncludes bibliographical references (pages 23-32).
=591  \\$bNAL Reclamation
=593  \\$fAgricola CAT
=650  \0$aLoblolly pine.$0http://id.loc.gov/authorities/subjects/sh85077898
=655  \3$aInternet resource.
=710  2\$aSoutheastern Forest Experiment Station (Asheville, N.C.)$0http://id.loc.gov/authorities/names/n79063970
=710  1\$aUnited States.$bDepartment of Agriculture.
=830  \0$aStation paper (Southeastern Forest Experiment Station (Asheville, N.C.)) ;$vno. 98.
=856  41$uhttps://archive.org/details/silvicalcharacte98weng
=912  \\$analcatalog
=930  \\$a20140702$b20140807$c00000000
=939  \\$a20031001$b20031010$c00000000
=945  \\$dDF$e2003/08/18$fRY$g2003/09/04$n1
=945  \\$p40
=945  \\$aDigiMet
=946  \\$aUSDA
=994  \\$a92$bAGL

