=LDR  02082cam a2200553 a 4500
=001  9915531687707426
=005  20240620114957.0
=008  030821s1952\\\\ncua\\\\\b\\\f000\0\eng\\
=016  7\$aCAT11137331$2DNAL
=035  \\$a904110
=035  \\$a(OCoLC)52862736
=035  \\$a(DNAL)904110-naldb-Voyager
=040  \\$aAGL$beng$cAGL$dOCLCQ$dMTG$dKLG$dMTG$dOCLCQ$dNOC$dOCLCF$dAGM$dOCLCA$dOCLCQ$dAGL
=043  \\$an-usu--
=049  \\$aAGLL
=050  \0$aSD144.A15$bS73 no. 14
=070  0\$a1.9622$bS4St2 no. 14
=072  \0$aF600
=072  \0$aK001
=072  \0$aK810
=086  0\$aA 13.63/9:14
=100  1\$aNelson, Ralph M.$q(Ralph Melvin),$d1898-1980.$0http://id.loc.gov/authorities/names/no2018018026
=245  10$aObservations on heat tolerance of southern pine needles /$cby Ralph M. Nelson.
=260  \\$aAsheville, N.C. :$bSoutheastern Forest Experiment Station, U.S. Dept. of Agriculture, Forest Service,$c[1952]
=300  \\$a6 pages :$billustrations ;$c26 cm
=336  \\$atext$btxt$2rdacontent
=337  \\$aunmediated$bn$2rdamedia
=338  \\$avolume$bnc$2rdacarrier
=490  1\$aStation paper ;$vno. 14
=504  \\$aIncludes bibliographical references (page 6).
=591  \\$bNAL Reclamation
=593  \\$fAgricola CAT
=650  \0$aPine$xEffect of heat on$zSouthern States.
=650  \3$aPinus.
=650  \3$aconifer needles.
=650  \3$aheat tolerance.
=651  \3$aSoutheastern United States.
=651  \7$aSouthern States.$2fast$0(OCoLC)fst01244550
=655  \3$aInternet resource.
=710  1\$aUnited States.$bDepartment of Agriculture.
=710  2\$aSoutheastern Forest Experiment Station (Asheville, N.C.)$0http://id.loc.gov/authorities/names/n79063970
=830  \0$aStation paper (Southeastern Forest Experiment Station (Asheville, N.C.)) ;$vno. 14.
=856  41$uhttps://archive.org/details/observationsonhe14nels
=912  \\$analcatalog
=930  \\$a20140702$b20140807$c00000000
=939  \\$a20030903$b20030905$c00000000
=945  \\$dARS$e2003/08/18$fVS$g2003/08/20$n1
=945  \\$p12
=945  \\$aDigiMet
=946  \\$aUSDA
=994  \\$a92$bAGL

