=LDR  01992cam a2200529Ia 4500
=001  9915531689207426
=005  20240620114954.0
=008  030819s1960\\\\ncuab\\\\\\\\f000\0\eng\\
=016  7\$aCAT11137230$2DNAL
=035  \\$a904009
=035  \\$a(OCoLC)52872149
=035  \\$a(DNAL)904009-naldb-Voyager
=040  \\$aAGL$beng$cAGL$dOCLCQ$dKLG$dMTG$dOCLCF$dOCLCQ$dNOC$dAGM$dOCLCA$dAGL
=043  \\$an-usu--
=049  \\$aAGLL
=050  \0$aSD144.A15$bS73 no. 112
=070  0\$a1.9622$bS4St2 no. 112
=072  \0$aK000
=086  0\$aA 13.63/9:112
=100  1\$aAvery, Gene.
=245  10$aIdentifying southern forest types on aerial photographs /$cby Gene Avery.
=260  \\$aAsheville, N.C. :$bU.S. Dept. of Agriculture, Forest Service, Southeastern Forest Experiment Station,$c[1960]
=300  \\$a12 pages :$billustrations, color map ;$c27 cm.
=336  \\$atext$btxt$2rdacontent
=337  \\$aunmediated$bn$2rdamedia
=338  \\$avolume$bnc$2rdacarrier
=490  1\$aStation paper ;$vno. 112
=591  \\$bNAL Reclamation
=593  \\$fAgricola CAT
=650  \0$aForest type groups$zSouthern States.
=650  \0$aAerial photography in forestry.$0http://id.loc.gov/authorities/subjects/sh85001261
=650  \3$aforests.
=650  \3$avegetation types.
=650  \3$aaerial photography.
=650  \3$aimage interpretation.
=651  \7$aSouthern States.$2fast$0(OCoLC)fst01244550
=655  \3$aInternet resource.
=710  2\$aSoutheastern Forest Experiment Station (Asheville, N.C.)$0http://id.loc.gov/authorities/names/n79063970
=710  1\$aUnited States.$bDepartment of Agriculture.
=830  \0$aStation paper (Southeastern Forest Experiment Station (Asheville, N.C.)) ;$vno. 112.
=856  41$uhttps://archive.org/details/identifyingsouth112aver
=912  \\$analcatalog
=930  \\$a20140702$b20140807$c00000000
=939  \\$a20030903$b20030905$c00000000
=945  \\$dARS$e2003/08/19$fRY$g2003/08/19$n1
=945  \\$p20
=945  \\$aDigiMet
=946  \\$aUSDA
=994  \\$a92$bAGL

