=LDR  01795cam a2200493Ia 4500
=001  9915531691307426
=005  20240620115016.0
=008  030909s1954\\\\ncua\\\\\\\\\f000\0\eng\d
=016  7\$aCAT11138053$2DNAL
=035  \\$a904812
=035  \\$a(OCoLC)01739534
=035  \\$a(DNAL)904812-naldb-Voyager
=040  \\$aJPL$beng$cJPL$dOCL$dAGL$dOCLCQ$dOCLCG$dKLG$dLHL$dOCLCQ$dOCLCO$dOCLCQ$dOCLCA$dOCLCF$dOCLCQ$dAGM
=049  \\$aAGLL
=050  \0$aSD144.A15$bS73 no. 46
=070  0\$a1.9622$bS4St2 no. 46
=072  \0$aF100
=072  \0$aK001
=086  0\$aA 13.63/9:46
=100  1\$aMergen, François,$d1925-1989.
=245  10$aHow to root and graft slash pine /$cby Francois Mergen and Harry Rossoll.
=260  \\$aAsheville, N.C. :$bU.S. Dept. of Agriculture, Forest Service, Southeastern Forest Experiment Station,$c[1954]
=300  \\$a22 pages :$billustrations ;$c26 cm.
=336  \\$atext$btxt$2rdacontent
=337  \\$aunmediated$bn$2rdamedia
=338  \\$avolume$bnc$2rdacarrier
=490  1\$aStation paper ;$vno. 46
=591  \\$bNAL Reclamation
=593  \\$fAgricola CAT
=650  \0$aSlash pine$xVegetative propagation.
=650  \0$aPlant propagation.$0http://id.loc.gov/authorities/subjects/sh85102802
=650  \3$aPinus elliottii.
=650  \3$arooting.
=655  \3$aInternet resource.
=700  1\$aRossoll, Harry.
=710  2\$aSoutheastern Forest Experiment Station (Asheville, N.C.)
=830  \0$aStation paper (Southeastern Forest Experiment Station (Asheville, N.C.)) ;$vno. 46.
=856  41$uhttps://archive.org/details/howtorootgraftsl461925
=912  \\$analcatalog
=930  \\$a20140702$b20140807$c00000000
=939  \\$a20031001$b20031010$c00000000
=945  \\$dDF$e2003/08/21$fRY$g2003/09/09$n1
=945  \\$p28
=945  \\$aDigiMet
=946  \\$aUSDA
=994  \\$a92$bAGL

