=LDR  01825cam a2200493 a 4500
=001  9915531701507426
=005  20240620115018.0
=008  030908s1951\\\\ncua\\\\\b\\\f000\0\eng\\
=016  7\$aCAT11138007$2DNAL
=035  \\$a904771
=035  \\$a(OCoLC)52855634
=035  \\$a(DNAL)904771-naldb-Voyager
=040  \\$aAGL$beng$cAGL$dOCLCQ$dOCLCG$dKLG$dMTG$dOCLCF$dOCLCQ$dAGM$dOCLCQ$dAGL
=043  \\$an-usa--
=049  \\$aAGLL
=050  \0$aSD144.A15$bS73 no.12
=070  0\$a1.9622$bS4St2 no. 12
=072  \0$aK120
=086  0\$aA 13.63/9:12
=100  1\$aWahlenberg, W. G.$q(William Gustavus)$0http://id.loc.gov/authorities/names/n85819896
=245  12$aA technique for hand planting of forest trees in the southern Appalachians /$cby W.G. Wahlenberg.
=260  \\$aAsheville, N.C. :$bU.S. Dept. of Agriculture, Forest Service, Southeastern Forest Experiment Station,$c[1951]
=300  \\$a12 pages :$billustrations ;$c21 cm
=336  \\$atext$btxt$2rdacontent
=337  \\$aunmediated$bn$2rdamedia
=338  \\$avolume$bnc$2rdacarrier
=490  1\$aStation paper ;$vno. 12
=504  \\$aIncludes bibliographical references (page 12).
=591  \\$bNAL Reclamation
=593  \\$fAgricola CAT
=650  \0$aTree planting$zAppalachian Region.
=650  \3$aHand tools.
=650  \3$aMethodology.
=651  \3$aSoutheastern United States.
=651  \7$aAppalachian Region.$2fast$0(OCoLC)fst01240092
=655  \3$aInternet resource.
=830  \0$aStation paper (Southeastern Forest Experiment Station (Asheville, N.C.)) ;$vno. 12.
=856  41$uhttps://archive.org/details/techniqueforhand12wahl
=912  \\$analcatalog
=930  \\$a20140702$b20140807$c00000000
=939  \\$a20031001$b20031010$c00000000
=945  \\$dARS$e2003/08/15$fRY$g2003/09/08$n1
=945  \\$p18
=945  \\$aDigiMet
=946  \\$aUSDA
=994  \\$a92$bAGL

