=LDR  01840cam a2200469Ia 4500
=001  9915531709607426
=005  20240620115017.0
=008  030904s1958\\\\ncub\\\\\b\\\f000\0\eng\d
=016  7\$aCAT11137826$2DNAL
=035  \\$a904591
=035  \\$a(OCoLC)50544587
=035  \\$a(DNAL)904591-naldb-Voyager
=040  \\$aVXG$beng$cVXG$dAGL$dKLG$dMTG$dOCLCF$dOCLCQ$dNOC$dOCLCA
=049  \\$aAGLL
=050  \0$aSD144.A15$bS73 no. 94
=070  0\$a1.9622$bS4St2 no. 94
=072  \0$aF300
=072  \0$aK001
=086  0\$aA 13.63/9:94
=100  1\$aLangdon, O. Gordon.$0http://id.loc.gov/authorities/names/n88641061
=245  10$aSilvical characteristics of baldcypress (Taxodium distichum (L.) Rich var. distichum) /$cby O. Gordon Langdon.
=260  \\$aAsheville, N.C. :$bU.S. Dept. of Agriculture, Forest Service, Southeastern Forest Experiment Station,$c[1958]
=300  \\$a7 pages :$bmap ;$c27 cm.
=336  \\$atext$btxt$2rdacontent
=337  \\$aunmediated$bn$2rdamedia
=338  \\$avolume$bnc$2rdacarrier
=490  1\$aStation paper ;$vno. 94
=504  \\$aIncludes bibliographical references (pages 6-7).
=591  \\$bNAL Reclamation
=593  \\$fAgricola CAT
=650  \0$aBaldcypress.$0http://id.loc.gov/authorities/subjects/sh88022590
=655  \3$aInternet resource.
=710  1\$aUnited States.$bDepartment of Agriculture.
=710  2\$aSoutheastern Forest Experiment Station (Asheville, N.C.)$0http://id.loc.gov/authorities/names/n79063970
=830  \0$aStation paper (Southeastern Forest Experiment Station (Asheville, N.C.)) ;$vno. 94.
=856  41$uhttps://archive.org/details/silvicalcharacte94lang
=912  \\$analcatalog
=930  \\$a20140702$b20140807$c00000000
=939  \\$a20031001$b20031010$c00000000
=945  \\$dDF$e2003/08/22$fRY$g2003/09/04$n1
=945  \\$p14
=945  \\$aDigiMet
=946  \\$aUSDA
=994  \\$a92$bAGL

