=LDR  02019cam a2200505 a 4500
=001  9915531710107426
=005  20240620115025.0
=008  030909s1954\\\\ncua\\\\\b\\\f000\0\eng\\
=016  7\$aCAT11138146$2DNAL
=019  \\$a84439224$a1039863577$a1231774937
=035  \\$a904905
=035  \\$a(OCoLC)52882656$z(OCoLC)84439224$z(OCoLC)1039863577$z(OCoLC)1231774937
=035  \\$a(DNAL)904905-naldb-Voyager
=035  \\$z(OCoLC)84439224$z(OCoLC)1039863577$z(OCoLC)1231774937
=040  \\$aAGL$beng$cAGL$dOCLCG$dKLG$dMTG$dOCLCF$dOCLCQ$dBOH$dAGM$dOCLCQ$dAGL
=049  \\$aAGLL
=050  \0$aSD144.A15$bS73 no. 40
=070  0\$a1.9622$bS4St2 no. 40
=072  \0$aK590
=086  0\$aA 13.63/9:40
=100  1\$aHepting, George H.$q(George Henry),$d1907-1988.$0http://id.loc.gov/authorities/names/n90667720
=245  10$aGum flow and pitch-soak in Virginia pines following Fusarium inoculation /$cby George H. Hepting.
=260  \\$aAsheville, N.C. :$bU.S. Dept. of Agriculture, Forest Service, Southeastern Forest Experiment Station,$c[1954]
=300  \\$a8, [1] pages :$billustrations ;$c26 cm
=336  \\$atext$btxt$2rdacontent
=337  \\$aunmediated$bn$2rdamedia
=338  \\$avolume$bnc$2rdacarrier
=490  1\$aStation paper ;$vno. 40
=504  \\$aIncludes bibliographical references (page 9).
=591  \\$bNAL Reclamation
=593  \\$fAgricola CAT
=650  \0$aScrub pine.$0http://id.loc.gov/authorities/subjects/sh85118992
=650  \0$aGums and resins.$0http://id.loc.gov/authorities/subjects/sh85057914
=650  \3$aPinus virginiana.
=650  \3$aFusarium.
=650  \3$aresins.
=655  \3$aInternet resource.
=830  \0$aStation paper (Southeastern Forest Experiment Station (Asheville, N.C.)) ;$vno. 40.
=856  41$uhttps://archive.org/details/gumflowpitchsoak40hept
=912  \\$analcatalog
=930  \\$a20140702$b20140807$c00000000
=939  \\$a20031001$b20031010$c00000000
=945  \\$dDF$e2003/08/20$fRY$g2003/09/09$n1
=945  \\$p16
=945  \\$aDigiMet
=946  \\$aUSDA
=994  \\$a92$bAGL

