=LDR  01894cam a2200505 a 4500
=001  9915531716407426
=005  20240620115015.0
=008  030821s1953\\\\ncua\\\\\\\\\f000\0\eng\\
=016  7\$aCAT11137341$2DNAL
=035  \\$a904120
=035  \\$a(OCoLC)52862889
=035  \\$a(DNAL)904120-naldb-Voyager
=040  \\$aAGL$beng$cAGL$dOCLCQ$dKLG$dMTG$dOCLCF$dOCLCQ$dOCLCA$dNOC$dAGM$dOCLCA$dOCLCQ$dOCLCO$dAGL
=043  \\$an-us-nc
=049  \\$aAGLL
=050  \0$aSD144.A15$bS73 no. 27
=070  0\$a1.9622$bS4St2 no. 27
=072  \0$aK120
=086  0\$aA 13.63/9:27
=100  1\$aBarber, John C.$0http://id.loc.gov/authorities/names/no90008327
=245  10$aTree planting at the Bent Creek Experimental Forest /$cby John C. Barber.
=260  \\$aAsheville, N.C. :$bSoutheastern Forest Experiment Station, U.S. Dept. of Agriculture, Forest Service,$c[1953]
=300  \\$a11 pages :$billustrations ;$c26 cm
=336  \\$atext$btxt$2rdacontent
=337  \\$aunmediated$bn$2rdamedia
=338  \\$avolume$bnc$2rdacarrier
=490  1\$aStation paper ;$vno. 27
=591  \\$bNAL Reclamation
=593  \\$fAgricola CAT
=650  \0$aTree planting$zNorth Carolina.
=650  \3$aforest trees.
=650  \3$aplanting.
=651  \3$aNorth Carolina
=651  \7$aNorth Carolina.$2fast$0(OCoLC)fst01204304
=655  \3$aInternet resource.
=710  1\$aUnited States.$bDepartment of Agriculture.
=710  2\$aSoutheastern Forest Experiment Station (Asheville, N.C.)$0http://id.loc.gov/authorities/names/n79063970
=830  \0$aStation paper (Southeastern Forest Experiment Station (Asheville, N.C.)) ;$vno. 27.
=856  41$uhttps://archive.org/details/treeplantingatbe27barb
=912  \\$analcatalog
=930  \\$a20140702$b20140807$c00000000
=939  \\$a20030903$b20030905$c00000000
=945  \\$dARS$e2003/08/18$fVS$g2003/08/20$n1
=945  \\$p18
=945  \\$aDigiMet
=946  \\$aUSDA
=994  \\$a92$bAGL

