=LDR  01979cam a2200541 a 4500
=001  9915531719307426
=005  20240620115012.0
=008  030819s1961\\\\ncuab\\\\b\\\f000\0\eng\\
=016  7\$aCAT11137234$2DNAL
=035  \\$a904013
=035  \\$a(OCoLC)52872195
=035  \\$a(DNAL)904013-naldb-Voyager
=040  \\$aAGL$beng$cAGL$dOCLCQ$dKLG$dMTG$dOCLCF$dOCLCQ$dNOC$dAGM$dOCLCA$dOCLCQ$dOCLCO$dAGL
=043  \\$an-us-ga
=049  \\$aAGLL
=050  \0$aSD144.A15$bS73 no. 119
=070  0\$a1.9622$bS4St2 no. 119
=072  \0$aJ600
=072  \0$aK001
=086  0\$aA 13.63/9:119
=100  1\$aMcGee, Charles E.$0http://id.loc.gov/authorities/names/n82065101
=245  10$aSoil site index for Georgia slash pine /$cby Charles E. McGee.
=260  \\$aAsheville, N.C. :$bU.S. Dept. of Agriculture, Forest Service, Southeastern Forest Experiment Station,$c[1961]
=300  \\$a9 pages :$billustrations, map ;$c27 cm
=336  \\$atext$btxt$2rdacontent
=337  \\$aunmediated$bn$2rdamedia
=338  \\$avolume$bnc$2rdacarrier
=490  1\$aStation paper ;$vno. 119
=591  \\$bNAL Reclamation
=593  \\$fAgricola CAT
=650  \0$aSite index (Forestry)$zGeorgia.
=650  \0$aSlash pine$zGeorgia.
=650  \3$aPinus elliottii.
=650  \3$asoil properties.
=650  \3$aland classification.
=651  \3$aGeorgia
=651  \7$aGeorgia.$2fast$0(OCoLC)fst01204622
=655  \3$aInternet resource.
=710  1\$aUnited States.$bDepartment of Agriculture.
=710  2\$aSoutheastern Forest Experiment Station (Asheville, N.C.)$0http://id.loc.gov/authorities/names/n79063970
=830  \0$aStation paper (Southeastern Forest Experiment Station (Asheville, N.C.)) ;$vno. 119.
=856  41$uhttps://archive.org/details/soilsiteindexfor119mcge
=912  \\$analcatalog
=930  \\$a20140702$b20140807$c00000000
=939  \\$a20030903$b20030905$c00000000
=945  \\$dARS$e2003/08/19$fRY$g2003/08/19$n1
=945  \\$p18
=945  \\$aDigiMet
=946  \\$aUSDA
=994  \\$a92$bAGL

