=LDR  02037cam a2200505Ia 4500
=001  9915531720507426
=005  20240620115011.0
=008  030904s1959\\\\ncuab\\\\b\\\f000\0\eng\d
=016  7\$aCAT11137824$2DNAL
=019  \\$a1039822282$a1231755158
=035  \\$a904589
=035  \\$a(OCoLC)50543424$z(OCoLC)1039822282$z(OCoLC)1231755158
=035  \\$a(DNAL)904589-naldb-Voyager
=035  \\$z(OCoLC)1039822282$z(OCoLC)1231755158
=040  \\$aVXG$beng$cVXG$dAGL$dKLG$dMTG$dOCLCF$dOCLCQ$dOCLCO$dNOC$dAGM$dOCLCA
=049  \\$aAGLL
=050  \0$aSD144.A15$bS73 no. 103
=070  0\$a1.9622$bS4St2 no. 103
=072  \0$aF300
=072  \0$aK001
=086  0\$aA 13.63/9:103
=100  1\$aShipman, Robert D.$q(Robert Dean),$d1921-2001.$0http://id.loc.gov/authorities/names/no2008148469
=245  10$aSilvical characteristics of winged elm (Ulmus alata Michx.) /$cby Robert D. Shipman.
=260  \\$aAsheville, N.C. :$bU.S. Dept. of Agriculture, Forest Service, Southeastern Forest Experiment Station,$c[1959]
=300  \\$a7 pages :$billustrations, map ;$c27 cm.
=336  \\$atext$btxt$2rdacontent
=337  \\$aunmediated$bn$2rdamedia
=338  \\$avolume$bnc$2rdacarrier
=490  1\$aStation paper ;$vno. 103
=504  \\$aIncludes bibliographical references (pages 6-7).
=591  \\$bNAL Reclamation
=593  \\$fAgricola CAT
=650  \0$aWinged elm.$0http://id.loc.gov/authorities/subjects/sh2013002689
=650  \3$aUlmus alata.
=655  \3$aInternet resource.
=710  1\$aUnited States.$bDepartment of Agriculture.
=710  2\$aSoutheastern Forest Experiment Station (Asheville, N.C.)$0http://id.loc.gov/authorities/names/n79063970
=830  \0$aStation paper (Southeastern Forest Experiment Station (Asheville, N.C.)) ;$vno. 103.
=856  41$uhttps://archive.org/details/silvicalcharacte103ship
=912  \\$analcatalog
=930  \\$a20140702$b20140807$c00000000
=939  \\$a20031001$b20031010$c00000000
=945  \\$dDF$e2003/08/18$fAR$g2003/09/04$n1
=945  \\$p14
=945  \\$aDigiMet
=946  \\$aUSDA
=994  \\$a92$bAGL

