=LDR  02022cam a2200541Ia 4500
=001  9915531721907426
=005  20240620115020.0
=008  030821s1952\\\\ncu\\\\\\r\\\f000\0\eng\d
=016  7\$aCAT11137257$2DNAL
=035  \\$a904036
=035  \\$a(OCoLC)01820251
=035  \\$a(DNAL)904036-naldb-Voyager
=040  \\$aJPL$beng$cJPL$dAGL$dOCLCQ$dOCLCG$dKLG$dMTG$dOCLCQ$dOCLCF$dOCLCQ$dOCLCO$dOCLCA$dAGM
=043  \\$an-usu--
=049  \\$aAGLL
=050  \0$aSD144.A15$bS73 no. 17
=070  0\$a1.9622$bS4St2 no. 17
=072  \0$aF200
=072  \0$aK001
=086  0\$aA 13.63/9:17
=100  1\$aDorman, Keith W.$q(Keith William),$d1910-$0http://id.loc.gov/authorities/names/no2003062505
=245  10$aDirectory of forest genetic activities in the South /$cby Keith W. Dorman.
=260  \\$aAsheville, N.C. :$bSoutheastern Forest Experiment Station, U.S. Dept. of Agriculture, Forest Service,$c[1952]
=300  \\$aii, 19 pages ;$c26 cm.
=336  \\$atext$btxt$2rdacontent
=337  \\$aunmediated$bn$2rdamedia
=338  \\$avolume$bnc$2rdacarrier
=490  1\$aStation paper ;$vno. 17
=591  \\$bNAL Reclamation
=593  \\$fAgricola CAT
=650  \0$aForests and forestry$zSouthern States$vDirectories.
=650  \0$aForest genetics$zSouthern States$vDirectories.
=650  \3$asilvicultural practices.
=650  \3$agenetics.
=650  \3$agenetic improvement.
=651  \3$aSoutheastern United States.
=651  \7$aSouthern States.$2fast$0(OCoLC)fst01244550
=655  \3$aInternet resource.
=655  \7$aDirectories.$2fast$0(OCoLC)fst01423796
=710  2\$aSoutheastern Forest Experiment Station (Asheville, N.C.)
=830  \0$aStation paper (Southeastern Forest Experiment Station (Asheville, N.C.)) ;$vno. 17.
=856  41$uhttps://archive.org/details/directoryoffores17dorm
=912  \\$analcatalog
=930  \\$a20140702$b20140807$c00000000
=939  \\$a20030903$b20030905$c00000000
=945  \\$dARS$e2003/08/18$fVS$g2003/08/20$n1
=945  \\$p30
=945  \\$aDigiMet
=946  \\$aUSDA
=994  \\$a92$bAGL

