=LDR  02012cam a2200517 a 4500
=001  9915531724007426
=005  20240620115025.0
=008  030821s1952\\\\ncua\\\\\\\\\f000\0\eng\\
=016  7\$aCAT11137332$2DNAL
=035  \\$a904111
=035  \\$a(OCoLC)52862744
=035  \\$a(DNAL)904111-naldb-Voyager
=040  \\$aAGL$beng$cAGL$dMTG$dKLG$dOCLCF$dOCLCQ$dOCLCO$dNOC$dOCLCA$dAGM$dOCLCO$dOCLCQ$dAGL
=049  \\$aAGLL
=050  \0$aSD144.A15$bS73 no. 16
=070  0\$a1.9622$bS4St2 no. 16
=072  \0$aE700
=072  \0$aK510
=072  \0$aK530
=086  0\$aA 13.63/9:16
=100  1\$aMcClay, T. A.$q(Thomas Alan),$d1912-1977.$0http://id.loc.gov/authorities/names/no2017166368
=245  10$aComparative stumpage prices for small pine saw timber and pulpwood /$cby T.A. McClay.
=260  \\$aAsheville, N.C. :$bSoutheastern Forest Experiment Station, U.S. Dept. of Agriculture, Forest Service,$c[1952]
=300  \\$a7 pages :$billustrations ;$c26 cm
=336  \\$atext$btxt$2rdacontent
=337  \\$aunmediated$bn$2rdamedia
=338  \\$avolume$bnc$2rdacarrier
=490  1\$aStation paper ;$vno. 16
=591  \\$bNAL Reclamation
=593  \\$fAgricola CAT
=650  \0$aLumber trade.$0http://id.loc.gov/authorities/subjects/sh85078814
=650  \0$aPulpwood industry.$0http://id.loc.gov/authorities/subjects/sh85109022
=650  \3$aPinus.
=650  \3$astumpage.
=651  \3$aSoutheastern United States.
=655  \3$aInternet resource.
=710  1\$aUnited States.$bDepartment of Agriculture.
=710  2\$aSoutheastern Forest Experiment Station (Asheville, N.C.)$0http://id.loc.gov/authorities/names/n79063970
=830  \0$aStation paper (Southeastern Forest Experiment Station (Asheville, N.C.)) ;$vno. 16.
=856  41$uhttps://archive.org/details/comparativestump16mccl
=912  \\$analcatalog
=930  \\$a20140702$b20140807$c00000000
=939  \\$a20030903$b20030905$c00000000
=945  \\$dARS$e2003/08/18$fVS$g2003/08/20$n1
=945  \\$p14
=945  \\$aDigiMet
=946  \\$aUSDA
=994  \\$a92$bAGL

