=LDR  02117cam a2200541 a 4500
=001  9915531728007426
=005  20240620115059.0
=008  030909s1954\\\\ncua\\\\\\\\\f000\0\eng\\
=016  7\$aCAT11138150$2DNAL
=035  \\$a904909
=035  \\$a(OCoLC)52890262
=035  \\$a(DNAL)904909-naldb-Voyager
=040  \\$aAGL$beng$cAGL$dOCLCQ$dKLG$dMTG$dOCLCF$dOCLCQ$dCOD$dOCLCA$dNOC$dAGM$dOCLCA$dOCLCQ$dOCLCO$dAGL
=043  \\$an-us-ga
=049  \\$aAGLL
=050  \0$aSD144.A15$bS73 no. 44
=070  0\$a1.9622$bS4St2 no. 44
=072  \0$aF300
=072  \0$aK001
=086  0\$aA 13.63/9:44
=100  1\$aBrender, E. V.$q(Ernst Victor),$d1905-1985.$0http://id.loc.gov/authorities/names/no2017142423
=245  10$aBehavior and control of understory hardwoods after clear cutting a Piedmont pine stand /$cby E.V. Brender and T.C. Nelson.
=260  \\$aAsheville, N.C. :$bU.S. Dept. of Agriculture, Forest Service, Southeastern Forest Experiment Station,$c[1954]
=300  \\$a17 pages :$billustrations ;$c26 cm
=336  \\$atext$btxt$2rdacontent
=337  \\$aunmediated$bn$2rdamedia
=338  \\$avolume$bnc$2rdacarrier
=490  1\$aStation paper ;$vno. 44
=591  \\$bNAL Reclamation
=593  \\$fAgricola CAT
=650  \0$aHardwoods$xEcology$zGeorgia.
=650  \3$aPinus.
=650  \3$aclearcutting.
=650  \3$ahardwood.
=651  \3$aGeorgia
=651  \7$aGeorgia.$2fast$0(OCoLC)fst01204622
=655  \3$aInternet resource.
=700  1\$aNelson, Thomas C.$q(Thomas Charles),$d1923-1985.$0http://id.loc.gov/authorities/names/n94054260
=710  2\$aSoutheastern Forest Experiment Station (Asheville, N.C.)$0http://id.loc.gov/authorities/names/n79063970
=710  1\$aUnited States.$bDepartment of Agriculture.
=830  \0$aStation paper (Southeastern Forest Experiment Station (Asheville, N.C.)) ;$vno. 44.
=856  41$uhttps://archive.org/details/behaviorcontrolo44bren
=912  \\$analcatalog
=930  \\$a20140702$b20140807$c00000000
=939  \\$a20031001$b20031010$c00000000
=945  \\$dDF$e2003/08/20$fRY$g2003/09/09$n1
=945  \\$p24
=945  \\$aDigiMet
=946  \\$aUSDA
=994  \\$a92$bAGL

