=LDR  01941cam a2200493 a 4500
=001  9915531813707426
=005  20240620115111.0
=008  030819s1961\\\\ncuab\\\\\\\\f000\0\eng\\
=016  7\$aCAT11137233$2DNAL
=035  \\$a904012
=035  \\$a(OCoLC)52872187
=035  \\$a(DNAL)904012-naldb-Voyager
=040  \\$aAGL$beng$cAGL$dOCLCQ$dKLG$dMTG$dOCLCF$dOCLCQ$dNOC$dAGM$dOCLCA$dOCLCQ$dAGL
=043  \\$an-usu--
=049  \\$aAGLL
=050  \0$aSD144.A15$bS73 no. 118
=070  0\$a1.9622$bS4St2 no. 118
=072  \0$aK810
=086  0\$aA 13.63/9:118
=100  1\$aNelson, Ralph M.$q(Ralph Melvin),$d1898-1980.$0http://id.loc.gov/authorities/names/no2018018026
=245  10$aBurning index as a partial guide to air patrol in the South /$cby Ralph M. Nelson.
=260  \\$aAsheville, N.C. :$bU.S. Dept. of Agriculture, Forest Service, Southeastern Forest Experiment Station,$c[1961]
=300  \\$a11 pages :$billustrations, map ;$c27 cm
=336  \\$atext$btxt$2rdacontent
=337  \\$aunmediated$bn$2rdamedia
=338  \\$avolume$bnc$2rdacarrier
=490  1\$aStation paper ;$vno. 118
=591  \\$bNAL Reclamation
=593  \\$fAgricola CAT
=650  \0$aAeronautics in forest fire control$zSouthern States.
=650  \3$aFire hazard.
=651  \3$aSoutheastern United States.
=651  \7$aSouthern States.$2fast$0(OCoLC)fst01244550
=655  \3$aInternet resource.
=710  1\$aUnited States.$bDepartment of Agriculture.
=710  2\$aSoutheastern Forest Experiment Station (Asheville, N.C.)$0http://id.loc.gov/authorities/names/n79063970
=830  \0$aStation paper (Southeastern Forest Experiment Station (Asheville, N.C.)) ;$vno. 118.
=856  41$uhttps://archive.org/details/burningindexaspa118nels
=912  \\$analcatalog
=930  \\$a20140702$b20140807$c00000000
=939  \\$a20030903$b20030905$c00000000
=945  \\$dARS$e2003/08/19$fRY$g2003/08/19$n1
=945  \\$p18
=945  \\$aDigiMet
=946  \\$aUSDA
=994  \\$a92$bAGL

