=LDR  02176cam a2200553 a 4500
=001  9915531823807426
=005  20240620115108.0
=008  030902s1959\\\\ncuab\\\\b\\\f000\0\eng\\
=016  7\$aCAT11137721$2DNAL
=035  \\$a904490
=035  \\$a(OCoLC)52863996
=035  \\$a(DNAL)904490-naldb-Voyager
=040  \\$aAGL$beng$cAGL$dOCLCQ$dKLG$dMTG$dOCLCF$dOCLCQ$dNOC$dAGM$dOCLCA$dOCLCQ$dOCLCO$dAGL
=043  \\$an-us-va
=049  \\$aAGLL
=050  \0$aSD144.A15$bS73 no. 104
=070  0\$a1.9622$bS4St2 no. 104
=072  \0$aK250
=086  0\$aA 13.63/9:104
=100  1\$aOlson, David F.,$cJr.$q(David Fredrick),$d1926-$0http://id.loc.gov/authorities/names/no2018003275
=245  10$aSite index comparisons for several tree species in the Virginia-Carolina Piedmont /$cby David F. Olson, Jr. and Lino Della-Bianca.
=260  \\$aAsheville, N.C. :$bU.S. Dept. of Agriculture, Forest Service Southeastern Forest Experiment Station,$c[1959]
=300  \\$a9 pages :$billustrations, map ;$c27 cm
=336  \\$atext$btxt$2rdacontent
=337  \\$aunmediated$bn$2rdamedia
=338  \\$avolume$bnc$2rdacarrier
=490  1\$aStation paper ;$vno. 104
=504  \\$aIncludes bibliographical references (page 9).
=591  \\$bNAL Reclamation
=593  \\$fAgricola CAT
=650  \0$aSite index (Forestry)$zVirginia.
=650  \3$aPinus.
=650  \3$ahardwood.
=651  \3$aVirginia
=651  \3$aNorth Carolina
=651  \3$aSouth Carolina
=651  \7$aVirginia.$2fast$0(OCoLC)fst01204597
=655  \3$aInternet resource.
=700  1\$aDella-Bianca, Lino.$0http://id.loc.gov/authorities/names/n81151903
=710  1\$aUnited States.$bDepartment of Agriculture.
=710  2\$aSoutheastern Forest Experiment Station (Asheville, N.C.)$0http://id.loc.gov/authorities/names/n79063970
=830  \0$aStation paper (Southeastern Forest Experiment Station (Asheville, N.C.)) ;$vno. 104.
=856  41$uhttps://archive.org/details/siteindexcompari104olso
=912  \\$analcatalog
=930  \\$a20140702$b20140807$c00000000
=939  \\$a20031001$b20031010$c00000000
=945  \\$dDF$e2003/08/18$fVS$g2003/09/02$n1
=945  \\$p16
=945  \\$aDigiMet
=946  \\$aUSDA
=994  \\$a92$bAGL

