=LDR  02018cam a2200493 a 4500
=001  9915531829107426
=005  20240620115112.0
=008  030908s1951\\\\ncua\\\\\\\\\f000\0\eng\\
=016  7\$aCAT11138006$2DNAL
=035  \\$a904770
=035  \\$a(OCoLC)52855627
=035  \\$a(DNAL)904770-naldb-Voyager
=040  \\$aAGL$beng$cAGL$dOCLCQ$dOCLCG$dKLG$dMTG$dOCLCF$dOCLCQ$dNOC$dAGM$dOCLCQ$dAGL
=043  \\$an-use--
=049  \\$aAGLL
=050  \0$aSD144.A15$bS73 no.11
=070  0\$a1.9622$bS4St2 no. 11
=072  \0$aK810
=086  0\$aA 13.63/9:11
=100  1\$aLindenmuth, A. W.$q(Anson William),$d1908-$0http://id.loc.gov/authorities/names/no99000608
=245  10$aForest fire damage appraisal procedures and tables for the Northeast /$cby A.W. Lindenmuth, Jr., J.J. Keetch, and Ralph M. Nelson.
=260  \\$aAsheville, N.C. :$bForest Service, U.S. Dept. of Agriculture, Southeastern Forest Experiment Station,$c[1951]
=300  \\$a28 pages :$billustrations ;$c22 cm
=336  \\$atext$btxt$2rdacontent
=337  \\$aunmediated$bn$2rdamedia
=338  \\$avolume$bnc$2rdacarrier
=490  1\$aStation paper ;$vno. 11
=591  \\$bNAL Reclamation
=593  \\$fAgricola CAT
=650  \0$aForest fires$zNortheastern States$xPrevention and control.
=650  \3$aforest fires.
=651  \3$aNortheastern United States.
=651  \7$aNortheastern States.$2fast$0(OCoLC)fst01242521
=655  \3$aInternet resource.
=700  1\$aKeetch, John J.$q(John James),$d1911-$0http://id.loc.gov/authorities/names/no99000611
=700  1\$aNelson, Ralph M.$q(Ralph Melvin),$d1898-1980.$0http://id.loc.gov/authorities/names/no2018018026
=830  \0$aStation paper (Southeastern Forest Experiment Station (Asheville, N.C.)) ;$vno. 11.
=856  41$uhttps://archive.org/details/forestfiredamage11lind
=912  \\$analcatalog
=930  \\$a20140702$b20140807$c00000000
=939  \\$a20031001$b20031010$c00000000
=945  \\$dARS$e2003/08/15$fRY$g2003/09/08$n1
=945  \\$p36
=945  \\$aDigiMet
=946  \\$aUSDA
=994  \\$a92$bAGL

