=LDR  01974cam a2200493 a 4500
=001  9915531830107426
=005  20240620115111.0
=008  030819s1960\\\\ncua\\\\\b\\\f000\0\eng\\
=016  7\$aCAT11137232$2DNAL
=035  \\$a904011
=035  \\$a(OCoLC)52872181
=035  \\$a(DNAL)904011-naldb-Voyager
=040  \\$aAGL$beng$cAGL$dKLG$dLHL$dOCLCF$dOCLCQ$dOCLCO$dNOC$dAGM$dOCLCA$dOCLCQ$dAGL
=049  \\$aAGLL
=050  \0$aSD144.A15$bS73 no. 116
=070  0\$a1.9622$bS4St2 no. 116
=072  \0$aK110
=086  0\$aA 13.63/9:116
=100  1\$aLotti, Thomas.
=245  10$aPrescribed burning for understory control :$bin loblolly pine stands of the coastal plain /$cby Thomas Lotti, Ralph A. Klawitter and W.P. LeGrande.
=260  \\$aAsheville, N.C. :$bU.S. Dept. of Agriculture, Forest Service, Southeastern Forest Experiment Station,$c[1960]
=300  \\$a19 pages :$billustrations ;$c27 cm
=336  \\$atext$btxt$2rdacontent
=337  \\$aunmediated$bn$2rdamedia
=338  \\$avolume$bnc$2rdacarrier
=490  1\$aStation paper ;$vno. 116
=591  \\$bNAL Reclamation
=593  \\$fAgricola CAT
=650  \0$aLoblolly pine.$0http://id.loc.gov/authorities/subjects/sh85077898
=650  \0$aPrescribed burning.$0http://id.loc.gov/authorities/subjects/sh85106431
=650  \3$aforest management.
=650  \3$aprescribed burning.
=650  \3$asilvicultural systems.
=655  \3$aInternet resource.
=710  1\$aUnited States.$bDepartment of Agriculture.
=710  2\$aSoutheastern Forest Experiment Station (Asheville, N.C.)$0http://id.loc.gov/authorities/names/n79063970
=830  \0$aStation paper (Southeastern Forest Experiment Station (Asheville, N.C.)) ;$vno. 116.
=856  41$uhttps://archive.org/details/prescribedburnin116lott
=912  \\$analcatalog
=930  \\$a20140702$b20140807$c00000000
=939  \\$a20030903$b20030905$c00000000
=945  \\$dARS$e2003/08/19$fRY$g2003/08/19$n1
=945  \\$p30
=945  \\$aDigiMet
=946  \\$aUSDA
=994  \\$a92$bAGL

