=LDR  01893cas a2200517 a 4500
=001  9915533181407426
=005  20240624194042.0
=008  920620d19131938dcuuu\p\\\\\\f0\\\\0eng\c
=010  \\$asn 86035203 
=012  \\$i8609
=016  7\$aCAT10508890$2DNAL
=035  \\$a407049
=035  \\$a(OCoLC)14362498
=035  \\$a(DNAL)407049-naldb-Voyager
=040  \\$aNYG$beng$cNYG$dOCLCQ$dAGL$dKRTAS$dOCLCQ$dOCLCF$dOCLCQ$dOCLCO$dOCLCQ
=042  \\$apcc
=043  \\$an-us---
=049  \\$aRQIA
=070  0\$a1$bB52S
=072  \\$aP000
=072  \\$aD500
=110  1\$aUnited States.$bBureau of Biological Survey.$0http://id.loc.gov/authorities/names/n79006436
=245  10$aService and regulatory announcements.
=260  \\$a[Washington] :$b[G.P.O.]
=300  \\$avolumes ;$c22 cm
=336  \\$atext$btxt$2rdacontent
=337  \\$aunmediated$bn$2rdamedia
=338  \\$avolume$bnc$2rdacarrier
=362  1\$aBegan with Aug. 30, 1913; ceased with Aug. 1938.
=515  \\$aIssues for July 19, 1915-Aug. 1938 are numbered 5-92; Previous to no. 5, announcements were unnumbered.
=588  \\$aDescription based on: July 21, 1914; title from caption.
=591  \\$bNAL Reclamation
=593  \\$fAgricola CAT
=650  \0$aGame protection$zUnited States$vPeriodicals.
=650  \0$aBirds$xConservation$zUnited States$vPeriodicals.
=651  \7$aUnited States.$2fast$0(OCoLC)fst01204155
=655  \7$aPeriodicals.$2fast$0(OCoLC)fst01411641
=776  08$iOnline version:$aUnited States. Bureau of Biological Survey.$tService and regulatory announcements$w(OCoLC)743242433
=850  \\$aN
=856  41$uhttps://archive.org/details/usda-serviceregulatoryannouncements
=912  \\$analcatalog
=930  \\$a00000000$b00000000$c00000000
=938  \\$aKirtas Technologies, Inc.$bKRTS$n845665
=945  \\$aDigiMet
=945  \\$vpt. 1
=945  \\$p6
=945  \\$aDigiMet
=945  \\$vpt. 2
=945  \\$p6
=945  \\$aDigiMet
=945  \\$vpt. 3
=945  \\$p12
=945  \\$aDigiMet
=945  \\$vpt. 4
=945  \\$p10
=945  \\$aDigiMet
=945  \\$vpt. 5
=945  \\$p26
=945  \\$aDigiMet
=945  \\$vpt. 6
=945  \\$p12
=945  \\$aDigiMet
=945  \\$vpt. 7
=945  \\$p36
=945  \\$aDigiMet
=945  \\$vpt. 8
=945  \\$p38
=945  \\$aDigiMet
=945  \\$vpt. 9
=945  \\$p28
=945  \\$aDigiMet
=945  \\$vpt. 10
=945  \\$p34
=945  \\$aDigiMet
=945  \\$vpt. 11
=945  \\$p26
=945  \\$aDigiMet
=945  \\$vpt. 12
=945  \\$p38
=945  \\$aDigiMet
=945  \\$vpt. 13
=945  \\$p44
=945  \\$aDigiMet
=945  \\$vpt. 14
=945  \\$p30
=945  \\$aDigiMet
=945  \\$vpt. 15
=945  \\$p20
=945  \\$aDigiMet
=945  \\$vpt. 16
=945  \\$p42
=945  \\$aDigiMet
=945  \\$vpt. 17
=945  \\$p20
=945  \\$aDigiMet
=945  \\$vpt. 18
=945  \\$p20
=945  \\$aDigiMet
=945  \\$vpt. 19
=945  \\$p32
=945  \\$aDigiMet
=945  \\$vpt. 20
=945  \\$p52
=945  \\$aDigiMet
=945  \\$vpt. 21
=945  \\$p24
=945  \\$aDigiMet
=945  \\$vpt. 22
=945  \\$p24
=945  \\$aDigiMet
=945  \\$vpt. 23
=945  \\$p30
=945  \\$aDigiMet
=945  \\$vpt. 24
=945  \\$p40
=945  \\$aDigiMet
=945  \\$vpt. 25
=945  \\$p14
=945  \\$aDigiMet
=945  \\$vpt. 26
=945  \\$p68
=945  \\$aDigiMet
=945  \\$vpt. 27
=945  \\$p34
=946  \\$aOther US
=959  \\$c2014-10-03$essouder$gurl
=994  \\$a92$bAGL

