=LDR  01231cam a2200373   4500
=001  9915533199907426
=005  20240620121657.0
=008  920620s1910\\\\iaua\\\\\\\\\\000\0\eng\d
=016  7\$aCAT10509531$2DNAL
=035  \\$a407251
=035  \\$a(OCoLC)15585798
=035  \\$a(DNAL)407251-naldb-Voyager
=040  \\$aTRN$beng$cTRN$dAGL$dOCLCQ$dOCLCF$dOCLCQ$dOCLCO$dOCLCQ
=049  \\$aRQIA
=050  \0$aSF487$b.F688
=070  0\$a47$bF83H
=072  \0$aL100
=100  1\$aFoy, Frank.
=245  10$aHow to make poultry keeping pay.
=260  \\$a[Des Moines]$b[F. Foy],$c[1910]
=300  \\$a1 preliminary leaf, 62 pages$billustrations$c23 cm
=336  \\$atext$btxt$2rdacontent
=337  \\$aunmediated$bn$2rdamedia
=338  \\$avolume$bnc$2rdacarrier
=591  \\$bNAL Reclamation
=593  \\$fAgricola CAT
=650  \0$aPoultry.$0http://id.loc.gov/authorities/subjects/sh85105892
=655  \3$aInternet resource.
=776  08$iOnline version:$aFoy, Frank.$tHow to make poultry keeping pay.$d[Des Moines, F. Foy, 1910]$w(OCoLC)795805138
=856  41$uhttps://archive.org/details/howtomakepoultry00foyf_0
=912  \\$analcatalog
=930  \\$a20140702$b20140807$c00000000
=945  \\$aDigiMet
=945  \\$p72
=946  \\$aOther US
=994  \\$a92$bAGL

