=LDR  01248cam a22003731  4500
=001  9915533210507426
=005  20240620121658.0
=008  920621s1913\\\\nyuacf\\\\\\\\000\0\eng\\
=010  \\$a   13011509 
=016  7\$aCAT10517440$2DNAL
=035  \\$a407171
=035  \\$a(OCoLC)18482849
=035  \\$a(DNAL)407171-naldb-Voyager
=040  \\$aDLC$beng$cAGL$dDLC$dOCLCQ$dOCLCO$dOCLCF$dOCLCQ$dAGL
=049  \\$aRQIA
=050  00$aSF489.R6$bD4
=070  0\$a47$bD36
=072  \0$aL100
=100  1\$aDe Graff, Edward Teller,$d1870-
=245  10$aMoney in reds, De Graff Poultry Farm, Amsterdam, N.Y.
=260  \\$a[Saratoga Springs, N.Y.],$b[Saratogian Art Press],$c[1913]
=300  \\$a36 unnumbered pages$billustrations (including portrait group) 2 color plates$c31 cm
=336  \\$atext$btxt$2rdacontent
=337  \\$aunmediated$bn$2rdamedia
=338  \\$avolume$bnc$2rdacarrier
=591  \\$bNAL Reclamation
=593  \\$fAgricola CAT
=650  \0$aRhode Island red chicken.$0http://id.loc.gov/authorities/subjects/sh85113740
=655  \3$aInternet resource.
=856  41$uhttps://archive.org/details/moneyinredsdegra00degr
=912  \\$analcatalog
=930  \\$a20140702$b20140807$c00000000
=945  \\$aDigiMet
=945  \\$p48
=946  \\$aOther US
=994  \\$a92$bAGL

