=LDR  01695cam a22004571  4500
=001  9915533255207426
=005  20240624194046.0
=008  920621s1912\\\\pauae\\\\\\\\\000\0\eng\\
=010  \\$a   12014956 
=016  7\$aCAT10517447$2DNAL
=035  \\$a407178
=035  \\$a(OCoLC)18483065
=035  \\$a(DNAL)407178-naldb-Voyager
=040  \\$aDLC$beng$cDLC$dAGL$dKRTAS$dOCLCF$dRQI$dOCLCO$dOCLCQ$dOCL
=042  \\$apremarc
=049  \\$aAGLL
=050  00$aSF487$b.F58
=070  0\$aSF487$b.F672 1912
=100  1\$aFoster, Joel McCamant,$d1876-
=245  10$aEggs the year round from table scraps;$bhow idle land and table waste can be turned into dollars,$cby Joel M. Foster.
=260  \\$a[Scranton],$b[Printed by International textbook Company]$c©1912.
=300  \\$a24 pages$billustrations (including plans)$c23 cm
=336  \\$atext$btxt$2rdacontent
=337  \\$aunmediated$bn$2rdamedia
=338  \\$avolume$bnc$2rdacarrier
=530  \\$aAlso available in digital form.
=590  \\$aRare and Special Collections' copy is part of the James M. Gwin Poultry Book Collection.
=591  \\$bNAL Reclamation
=593  \\$fAgricola CAT
=650  \0$aPoultry.$0http://id.loc.gov/authorities/subjects/sh85105892
=650  \0$aEggs.$0http://id.loc.gov/authorities/subjects/sh85041229
=655  \3$aInternet resource.
=856  41$uhttps://archive.org/details/eggsyearroundfro00fost
=912  \\$analcatalog
=930  \\$a20160607$b20160701$c00000000
=938  \\$aKirtas Technologies, Inc.$bKRTS$n777476
=939  \\$a20140702$b20140807$c00000000
=939  \\$a20110404$b20110507$c00000000
=945  \\$aDigiMet
=945  \\$p32
=946  \\$aOther US
=958  \\$be$c2011-04-04$dn$emlydon
=994  \\$a92$bAGL

