=LDR  01972cam a2200481Ia 4500
=001  9915433939307426
=005  20240620155227.0
=008  800401s1968\\\\utua\\\\\b\\\f000\0\eng\d
=016  7\$aCAT10250743$2DNAL
=019  \\$a1039861317$a1231750123
=035  \\$a189749
=035  \\$a(OCoLC)32150144$z(OCoLC)1039861317$z(OCoLC)1231750123
=035  \\$a(DNAL)189749-naldb-Voyager
=035  \\$z(OCoLC)1039861317$z(OCoLC)1231750123
=040  \\$aSDB$beng$cSDB$dNUI$dOCLCQ$dOCLCF$dOCLCQ$dSEA$dAGM$dAGL
=049  \\$aAGLL
=070  \\$aA99.9$bF764Un no. 84
=072  \0$a7000
=086  0\$aA 13.79:INT-84
=100  1\$aPhilpot, Charles W.$0http://id.loc.gov/authorities/names/n98017042
=245  10$aMineral content and pyrolysis of selected plant materials /$cCharles W. Philpot.
=260  \\$aOgden, Utah :$bU.S. Dept. of Agriculture, Forest Service, Intermountain Forest & Range Experiment Station,$c1968.
=300  \\$a4 pages :$billustrations ;$c27 cm.
=336  \\$atext$btxt$2rdacontent
=337  \\$aunmediated$bn$2rdamedia
=338  \\$avolume$bnc$2rdacarrier
=490  1\$aU.S.D.A. Forest Service research note INT ;$v84
=504  \\$aIncludes bibliographical references (page 4).
=591  \\$bNAL Reclamation
=593  \\$fAgricola CAT
=650  \0$aPlants$xComposition.$0http://id.loc.gov/authorities/subjects/sh85102847
=650  \0$aPyrolysis.$0http://id.loc.gov/authorities/subjects/sh85109347
=650  \0$aCellulose$xBiodegradation.$0http://id.loc.gov/authorities/subjects/sh85021706
=650  \3$apyrolysis.
=650  \3$amineral content.
=655  \3$aInternet resource.
=710  2\$aIntermountain Forest and Range Experiment Station (Ogden, Utah)$0http://id.loc.gov/authorities/names/n79062786
=830  \0$aUSDA Forest Service research note INT ;$v84.
=856  41$uhttps://archive.org/details/mineralcontentpy84phil
=912  \\$analcatalog
=930  \\$a20140604$b00000000$c00000000
=945  \\$aDigiMet
=945  \\$p12
=946  \\$aUSDA
=994  \\$a92$bAGL

