=LDR  01127cam a2200349M  4500
=001  9915433941607426
=005  20240624172637.0
=008  800401n19679999ilu\\\\\\\\\\\000\0\eng\d
=016  7\$aCAT10238414$2DNAL
=035  \\$a189998
=035  \\$a(OCoLC)1289015341
=035  \\$a(DNAL)189998-naldb-Voyager
=040  \\$aAGL$beng$cAGL
=049  \\$aAGLL
=070  \\$aA381$bR31Ac no. 23-5 etc.
=072  \0$a7000
=110  1\$aUnited States.$bAgricultural Research Service.$bNorthern Utilization Research and Development Division.
=245  10$aComposition of oilseeds; a list of publications and patents.
=260  \\$aPeoria, Ill.,$c1967-
=490  1\$aU.S. Agricultural Research Service. ARS-71-23-5
=591  \\$bNAL Reclamation
=593  \\$fAgricola CAT
=650  \0$aOilseeds$xBibliography.
=650  \0$aOilseeds$xPatents$xBibliography.
=655  \3$aInternet resource.
=830  \0$aARS 71 ;$v23-5.
=856  41$uhttps://archive.org/details/compositionofoil7123unit_4
=912  \\$analcatalog
=930  \\$a20140414$b20140502$c00000000
=945  \\$aDigiMet
=945  \\$p10
=946  \\$aUSDA
=959  \\$c2014-04-14$earojas$gap
=994  \\$a92$bAGL

