=LDR  02254cam a2200529Ia 4500
=001  9915433984207426
=005  20240620155234.0
=008  800401s1967\\\\utua\\\\\b\\\f000\0\eng\d
=016  7\$aCAT10238256$2DNAL
=019  \\$a1039826969$a1231901071
=035  \\$a189540
=035  \\$a(OCoLC)32180182$z(OCoLC)1039826969$z(OCoLC)1231901071
=035  \\$a(DNAL)189540-naldb-Voyager
=035  \\$z(OCoLC)1039826969$z(OCoLC)1231901071
=040  \\$aSDB$beng$cSDB$dNUI$dOCLCQ$dOKS$dOCLCF$dOCLCQ$dAGM$dAGL
=043  \\$anr-----
=049  \\$aAGLL
=070  \\$aA99.9$bF764Un no. 64
=072  \0$a4500
=086  0\$aA 13.79:INT-64
=100  1\$aShearer, Raymond C.
=245  10$aInsolation limits initial establishment of western larch seedlings /$cRaymond C. Shearer.
=260  \\$aOgden, Utah :$bU.S. Dept. of Agriculture, Forest Service, Intermountain Forest & Range Experiment Station,$c1967.
=300  \\$a8 pages :$billustrations ;$c27 cm.
=336  \\$atext$btxt$2rdacontent
=337  \\$aunmediated$bn$2rdamedia
=338  \\$avolume$bnc$2rdacarrier
=490  1\$aU.S. Forest Service research note INT ;$v64
=504  \\$aIncludes bibliographical references (page 8).
=591  \\$bNAL Reclamation
=593  \\$fAgricola CAT
=650  \0$aWestern larch$xSeedlings.
=650  \0$aPlants$xEffect of solar radiation on.$0http://id.loc.gov/authorities/subjects/sh85102995
=650  \0$aWestern larch$xClimatic factors$zRocky Mountains.
=650  \3$asolar radiation.
=650  \3$aLarix occidentalis.
=650  \3$aseedlings.
=651  \7$aRocky Mountains.$2fast$0(OCoLC)fst01241420
=655  \3$aInternet resource.
=710  2\$aIntermountain Forest and Range Experiment Station (Ogden, Utah)$0http://id.loc.gov/authorities/names/n79062786
=776  08$iOnline version:$aShearer, Raymond C.$tInsolation limits initial establishment of western larch seedlings.$dOgden, Utah : U.S. Dept. of Agriculture, Forest Service, Intermountain Forest & Range Experiment Station, 1967$w(OCoLC)630421676
=830  \0$aU.S. Forest Service research note INT ;$v64.
=856  41$uhttps://archive.org/details/insolationlimits64shea
=912  \\$analcatalog
=930  \\$a20140604$b00000000$c00000000
=945  \\$aDigiMet
=945  \\$p12
=946  \\$aUSDA
=994  \\$a92$bAGL

