=LDR  01230cam a2200361M  4500
=001  9915434046107426
=005  20240624172637.0
=008  800401s1966\\\\dcu\\\\\\\\\\\000\0\eng\d
=016  7\$aCAT10225904$2DNAL
=035  \\$a189726
=035  \\$a(OCoLC)1289146208
=035  \\$a(DNAL)189726-naldb-Voyager
=040  \\$aAGL$beng$cAGL
=049  \\$aAGLL
=070  \\$aA280.29$bF22I no. 51
=072  \0$a1000
=100  1\$aNeely, David Morrison,$d1915-
=245  10$aPer-unit capital retains; tax treatment by cooperatives and patrons.$cBy D. Morrison Neely and David Volkin.
=260  \\$a[Washington]$bFarmer Cooperative Service, U.S. Dept. of Agriculture,$c1966.
=300  \\$a13 p.$c26 cm.
=490  1\$a[U.S. Farmer Cooperative Service] Information 51
=591  \\$bNAL Reclamation
=593  \\$fAgricola CAT
=650  \0$aCooperation$xSocieties, etc.$xTaxation.
=655  \3$aInternet resource.
=700  1\$aVolkin, David,$d1916-
=810  2\$aUnited States.$bFarmer Cooperative Service.$tInformation,$v51.
=856  41$uhttps://archive.org/details/perunitcapitalre51neel
=912  \\$analcatalog
=930  \\$a20140306$b20140404$c00000000
=945  \\$aDigiMet
=945  \\$p20
=946  \\$aUSDA
=959  \\$c2014-03-06$earojas$gap
=994  \\$a92$bAGL

