=LDR  01562cam a2200445M  4500
=001  9915434111207426
=005  20240624172631.0
=008  800401s1965\\\\dcu\\\\\\\\\\f000\0\eng\d
=010  \\$aagr66000045 
=016  7\$aCAT10225666$2DNAL
=035  \\$a189024
=035  \\$a(OCoLC)1090009888
=035  \\$a(DNAL)189024-naldb-Voyager
=040  \\$aULL$beng$cULL$dOCLCO$dOCLCF$dGAT$dULL$dOCLCQ$dAGL
=049  \\$aAGLL
=050  10$aHD1491.N5$bA383 no.41
=050  \0$aHD1491$b.A3 K55
=070  \\$aA280.29$bF22I no. 50
=072  \0$a1000
=086  0\$aA 89.15:50
=100  1\$aKnapp, Joseph G.$q(Joseph Grant),$d1900-1983.$0http://id.loc.gov/authorities/names/n79123939
=245  10$aWomen and cooperatives,$cby Joseph G. Knapp.
=260  \\$a[Washington] :$b[publisher not identified],$c[1965]
=300  \\$a36 pages$c14 x 23 cm
=336  \\$atext$btxt$2rdacontent
=337  \\$aunmediated$bn$2rdamedia
=338  \\$avolume$bnc$2rdacarrier
=490  1\$aUnited States. Farmer Cooperative Service. Information,$v50
=591  \\$bNAL Reclamation
=593  \\$fAgricola CAT
=650  \0$aWomen$xSocieties and clubs.$0http://id.loc.gov/authorities/subjects/sh85147343
=650  \0$aAgriculture, Cooperative$xSocieties, etc.
=655  \3$aInternet resource.
=810  1\$aUnited States.$bFarmer Cooperative Service.$tInformation ;$v50.
=856  41$uhttps://archive.org/details/womencooperative50knap
=912  \\$analcatalog
=930  \\$a20140306$b20140404$c00000000
=945  \\$aDigiMet
=945  \\$p46
=946  \\$aUSDA
=959  \\$c2014-03-06$earojas$gap
=994  \\$a92$bAGL

