=LDR  02086cam a2200541   4500
=001  9915434115707426
=005  20240624172636.0
=008  800401s1967\\\\dcua\\\\\\\\\f000\0\eng\c
=010  \\$aagr67000296 
=016  7\$aCAT10238253$2DNAL
=035  \\$a189531
=035  \\$a(OCoLC)00073363
=035  \\$a(DNAL)189531-naldb-Voyager
=040  \\$aU.S. Nat'l Agr. Libr.$beng$cDLC$dIUL$dBTCTA$dOCLCG$dUUS$dOCLCO$dNUI$dOCLCQ$dOCLCO$dOCLCF$dCOF$dOKS$dOCLCA$dGPO$dOCLCQ$dAGL
=049  \\$aAGLL
=050  00$aS900$b.U5 no. 132
=070  0\$aA56.9$bR31 no. 132
=072  \0$a5000
=074  \\$a0025-B
=086  0\$aA 77.15:41-132
=086  0\$aA 77.15:ARS-41-132
=100  1\$aShanholtz, Vernon O.,$d1935-$0http://id.loc.gov/authorities/names/n50001482
=245  10$aComputer systems for reduction and analysis of hydrologic data$c[by V.O. Shanholtz and J.B. Burford.
=260  \\$aWashington]$bAgricultural Research Service, U.S. Dept. of Agriculture,$c1967.
=300  \\$aii, 90 pages$billustrations$c26 cm
=336  \\$atext$btxt$2rdacontent
=337  \\$aunmediated$bn$2rdamedia
=338  \\$avolume$bnc$2rdacarrier
=490  1\$a[United States. Agricultural Research Service] ARS41$v-132
=530  \\$aAlso available online.
=591  \\$bNAL Reclamation
=593  \\$fAgricola CAT
=650  \0$aHydrology$xData processing.
=650  \3$aProgramming (Electronic computers)
=650  \3$aInformation storage and retrieval systems$xHydrology.
=655  \3$aInternet resource.
=700  1\$aBurford, J. B.,$eauthor.$0http://id.loc.gov/authorities/names/n84134900
=710  1\$aUnited States.$bAgricultural Research Service.
=830  \0$aARS (Series) (United States. Agricultural Research Service) ;$v41-132.
=856  41$uhttps://archive.org/details/computersystemsf13shan
=912  \\$analcatalog
=930  \\$a20201013$b00000000$c00000000
=938  \\$aBaker and Taylor$bBTCP$nagr67000296
=939  \\$a20131022$b20131101$c00000000
=945  \\$aDigiMet
=945  \\$p100
=946  \\$aUSDA
=959  \\$c2013-10-22$essouder$gurl
=959  \\$c2020-10-13$ecbarone$gother
=994  \\$a92$bAGL

