=LDR  01352cam a2200397M  4500
=001  9915434229407426
=005  20240624172634.0
=008  800401s1965\\\\xx\\\\\\\\\\\o000\0\eng\d
=016  7\$aCAT10225969$2DNAL
=035  \\$a189917
=035  \\$a(OCoLC)631088827
=035  \\$a(DNAL)189917-naldb-Voyager
=040  \\$aU3G$beng$cU3G$dOCLCO$dOCLCQ
=049  \\$aAGLL
=070  \\$aA321.9$bAg8 no. 31
=072  \0$a4000
=110  1\$aUnited States.$bAgricultural Research Service.$bConsumer and Food Economics Research Division.$0http://id.loc.gov/authorities/names/n81006611
=245  10$aProximate Composition of Beef From Carcass to Cooked Meat - Method of Derivation and Tables of Values.
=260  \\$c1965.
=300  \\$a35 pages.
=336  \\$atext$btxt$2rdacontent
=337  \\$aunmediated$bn$2rdamedia
=338  \\$avolume$bnc$2rdacarrier
=490  1\$aUSDA Home Economics Research Report.$v31
=591  \\$bNAL Reclamation
=700  1\$aWatt, Bernice K.
=700  1\$aJaeger, Carol M.
=700  1\$aPecot, Rebecca K.
=830  \0$aUSDA Home Economics Research Report. ;$v31.
=856  41$uhttps://archive.org/details/proximatecomposi31peco
=912  \\$analcatalog
=930  \\$a20140411$b20140502$c00000000
=939  \\$a20140126$b20140207$c00000000
=945  \\$aDigiMet
=945  \\$p42
=946  \\$aUSDA
=959  \\$c2014-01-26$edcollins$gap
=994  \\$a92$bAGL

