=LDR  02047cam a2200517Ia 4500
=001  9915434287907426
=005  20240620155345.0
=008  020222s2001\\\\dcu\\\\\\bs\\f000\0\eng\\
=016  7\$aCAT11113835$2DNAL
=035  \\$a881498
=035  \\$a(OCoLC)49058547
=035  \\$a(DNAL)881498-naldb-Voyager
=040  \\$aAGL$beng$cAGL$dOCLCQ$dIUL$dAGL$dOCLCQ$dOCLCO$dOCLCF$dOCLCA
=043  \\$an-us---
=049  \\$aAGLL
=070  0\$a1$bAg84M no. 1528-2000
=072  \0$aU300
=086  0\$aA 1.38:1528-2000
=100  1\$aLino, Mark.
=245  10$aExpenditures on children by families :$b2000 annual report /$c[Mark Lino].
=260  \\$aWashington, DC :$bU.S. Dept. of Agriculture, Center for Nutrition Policy and Promotion,$c[2001]
=300  \\$av, 25 pages ;$c28 cm.
=336  \\$atext$btxt$2rdacontent
=337  \\$aunmediated$bn$2rdamedia
=338  \\$avolume$bnc$2rdacarrier
=490  1\$aMiscellaneous publication ;$vno. 1528-2000
=504  \\$aIncludes bibliographical references (page 15).
=530  \\$aAlso available on the Internet.
=591  \\$bNAL Reclamation
=593  \\$fAgricola CAT
=650  \0$aChild rearing$xEconomic aspects$zUnited States$vStatistics.
=650  \0$aChildren$zUnited States$xEconomic conditions$vStatistics.
=651  \7$aUnited States.$2fast$0(OCoLC)fst01204155
=655  \3$aInternet resource.
=655  \7$aStatistics.$2fast$0(OCoLC)fst01423727
=710  2\$aCenter for Nutrition Policy and Promotion (U.S.)$0http://id.loc.gov/authorities/names/no95057451
=830  \0$aMiscellaneous publication (United States. Department of Agriculture) ;$vno. 1528-2000.
=856  41$uhttp://www.cnpp.usda.gov/sites/default/files/expenditures_on_children_by_families/crc2000.pdf
=856  41$uhttps://archive.org/details/expendituresonch1528lino
=912  \\$analcatalog
=930  \\$a20140305$b20140404$c00000000
=939  \\$a20080417$b20080502$c00000000
=939  \\$a20020301$b20020307$c00000000
=945  \\$dDF$e2002/02/20$fVS$g2002/02/22$n1
=945  \\$p44
=945  \\$aDigiMet
=946  \\$aUSDA
=994  \\$a92$bAGL

