=LDR  01490cam a2200445I  4500
=001  9915434428807426
=005  20240620160630.0
=008  020302s1963\\\\dcuab\\\\\\\\f000\0\eng\\
=010  \\$aagr63000237 
=016  7\$aCAT11114485$2DNAL
=035  \\$a(OCoLC)ocm05107485 020308
=035  \\$91114-48560
=035  \\$a881791
=035  \\$a(DNAL)881791-naldb-Voyager
=040  \\$aDLC$cCOO$dOCL$dAGA$dAGL
=049  \\$aAGAA
=070  0\$aA64.9$bR31A no. 32 1963
=072  \0$aF700
=090  \\$aaSB404.9$b.M49 1963
=100  1\$aMeyer, Frederick G.$q(Frederick Gustav),$d1917-2006.
=245  10$aPlant explorations :$bornamentals in the Netherlands, West Germany, and Belgium.
=260  \\$a[Washington]$bAgricultural Research Service, U.S. Dept. of Agriculture,$c[1963].
=300  \\$aviii, 185 p.$billus., maps.$c26 cm.
=410  10$aUnited States.$bAgricultural Research Service.$tARS 34$v32
=490  1\$aARS 34 ;$v32
=500  \\$aOn cover: Crops research.
=593  \\$fAgricola CAT
=650  \0$aPlants, Ornamental$zEurope.
=655  \3$aInternet resource
=740  01$aCrops research.
=830  \0$aARS 34 ;$v32.
=852  \\$aDNAr$iaSB404.9.M49 1963
=856  41$uhttps://archive.org/details/plantexploration3432meye
=912  \\$analcatalog
=930  \\$a20140207$b20140307$c00000000
=939  \\$a20130610$b20130705$c00000000
=939  \\$a20071031$b20071102$c00000000
=939  \\$a20061017$b20061102$c00000000
=945  \\$dAKM$e02/03/02
=945  \\$p200
=945  \\$aDigiMet
=946  \\$aUSDA

