=LDR  02399cam a22004331  4500
=001  9915434842507426
=005  20240624172739.0
=008  920620s1921\\\\ilua\\\\\\\\\\000\0\eng\\
=010  \\$a   21010343 
=016  7\$aCAT10506732$2DNAL
=035  \\$a421271
=035  \\$a(OCoLC)06483434
=035  \\$a(DNAL)421271-naldb-Voyager
=040  \\$aDLC$beng$cTXA$dDLC$dOCLCQ$dAGL$dOCLCQ$dOCLCG$dOCLCF$dOCLCQ$dOCLCO$dEEM
=049  \\$aRQIA
=050  00$aSF487$b.R65815
=070  0\$a47$bR56Fu
=072  \0$aL100
=100  1\$aRobinson, John H.$q(John Henry),$d1863-1935.$0http://id.loc.gov/authorities/names/no99005654
=245  10$aFundamentals in poultry breeding;$ba complete guide to the successful breeding of American standard fowls, turkeys, ducks and geese for table poultry, for egg production and for exhibition,$cby John H. Robinson; illustrated by Franklane L. Sewell, Arthur O. Schilling contributing ...
=260  \\$aQuincy, Ill.,$bReliable Poultry Journal Pub. Co.,$c©1921.
=300  \\$a158 pages, 1 leaf$bcolor frontispiece, illustrations$c30 cm
=336  \\$atext$btxt$2rdacontent
=337  \\$aunmediated$bn$2rdamedia
=338  \\$avolume$bnc$2rdacarrier
=505  0\$aIntroduction -- Qualities of breeds and qualifications of breeders -- Breed shape and type in fowls -- The colors and color patterns of fowls -- The laws of reproduction and improvement by selection -- Darwinism and Mendelism in poultry breeding -- Principles of line breeding and inbreeding -- Breeding fowls for the table -- Breeding for egg production -- Breeding for eggs and meat -- Principles of standard making -- The systemic mating of standard fowls -- Standard breeds of turkeys -- Standard breeds of ducks -- Standard breeds of geese.
=591  \\$bNAL Reclamation
=593  \\$fAgricola CAT
=650  \0$aPoultry.$0http://id.loc.gov/authorities/subjects/sh85105892
=655  \3$aInternet resource.
=776  08$iOnline version:$aRobinson, John H. (John Henry), 1863-1935.$tFundamentals in poultry breeding.$dQuincy, Ill., Reliable Poultry Journal Pub. Co., ©1921$w(OCoLC)620540982
=856  41$uhttps://archive.org/details/fundamentalsinpo00robi
=912  \\$analcatalog
=930  \\$a20160525$b20160603$c00000000
=939  \\$a20140505$b20140606$c00000000
=939  \\$a20120911$b20121009$c00000000
=945  \\$aDigiMet
=945  \\$p172
=946  \\$aOther US
=959  \\$c2012-09-11$earojas$gap
=994  \\$a92$bAGL

