=LDR  01555cam a2200433I  4500
=001  9915434860307426
=005  20240624172742.0
=008  920621s1906\\\\maua\\\\\\\\\\000\0\eng\\
=010  \\$a   07002581 
=016  7\$aCAT10519510$2DNAL
=035  \\$a421286
=035  \\$a(OCoLC)18974076
=035  \\$a(DNAL)421286-naldb-Voyager
=040  \\$aDLC$beng$cRQI$dOCLCQ$dAGL$dUPM$dOCLCF$dOCLCQ$dOCLCO
=049  \\$aRQIA
=050  00$aSF487$b.R658
=070  0\$a47$bR56Fi
=072  \0$aL100
=100  1\$aRobinson, John Henry,$d1863-1935.
=245  10$a... First lessons in poultry keeping.$bSecond year course ...$cBy John H. Robinson ...
=260  \\$aBoston, Mass.,$bFarm-poultry Pub. Co.,$c1906.
=300  \\$a160 pages$billustrations, diagrams$c23 cm.
=336  \\$atext$btxt$2rdacontent
=337  \\$aunmediated$bn$2rdamedia
=338  \\$avolume$bnc$2rdacarrier
=490  1\$aFarm-poultry series,$vno. 9
=591  \\$bNAL Reclamation
=593  \\$fAgricola CAT
=650  \0$aPoultry.$0http://id.loc.gov/authorities/subjects/sh85105892
=655  \3$aInternet resource.
=776  08$iOnline version:$aRobinson, John Henry, 1863-1935.$t... First lessons in poultry keeping.$dBoston, Mass., Farm-poultry Pub. Co., 1906$w(OCoLC)612383710
=830  \0$aFarm-poultry series ;$vno. 9.
=856  41$uhttps://archive.org/details/firstlessonsinpo09robi
=912  \\$analcatalog
=930  \\$a20140702$b20140807$c00000000
=939  \\$a20120911$b20121009$c00000000
=945  \\$aDigiMet
=945  \\$p170
=946  \\$aOther US
=959  \\$c2012-09-11$earojas$gap
=994  \\$a92$bAGL

