=LDR  01991cam a2200481Mi 4500
=001  9915434967607426
=005  20240620160451.0
=008  910402s1943\\\\dcu\\\\\\\\\\\000\0\eng\d
=016  7\$aCAT10682589$2DNAL
=035  \\$a505117
=035  \\$a(OCoLC)71027334
=035  \\$a(DNAL)505117-naldb-Voyager
=040  \\$aAGL$beng$cAGL$dOCLCO$dOCLCQ$dCSF$dGPO$dOCLCF$dAGL
=043  \\$an-us---
=049  \\$aRQIA
=070  0\$a1$bF733M
=072  \0$aT000
=072  \0$aD500
=086  0\$aA 78.6:F 73
=110  1\$aUnited States.$bWar Food Administration.$bOffice of Distribution.$0http://id.loc.gov/authorities/names/n82023923
=245  10$aManual on enforcement of food orders administered by Food distribution administration. /$cprepared by and for the use of employees of the Office of the solicitor and Food distribution administration. Issued March 16,1943.
=260  \\$aWashington, D.C. :$bU.S. Govt. Print. Off.,$c1943.
=300  \\$acover-title, 55 leaves ;$c24 cm
=336  \\$atext$btxt$2rdacontent
=337  \\$aunmediated$bn$2rdamedia
=338  \\$avolume$bnc$2rdacarrier
=506  \\$aOfficial use. Not available.
=591  \\$bNAL Reclamation
=593  \\$fAgricola CAT
=650  \0$aFood$xStandards$zUnited States$vHandbooks, manuals, etc.
=650  \0$aFood$xQuality$zUnited States$vHandbooks, manuals, etc.
=650  \3$alaws and regulations.
=650  \3$ahuman nutrition.
=651  \7$aUnited States.$2fast$0(OCoLC)fst01204155
=655  \3$aInternet resource.
=655  \7$aHandbooks and manuals.$2fast$0(OCoLC)fst01423877
=710  1\$aUnited States.$bDepartment of Agriculture.$bOffice of the Solicitor.$0http://id.loc.gov/authorities/names/n85198699
=710  1\$aUnited States.$bFood Distribution Administration.$0http://id.loc.gov/authorities/names/no2008141241
=856  41$uhttps://archive.org/details/manualonenforce1943unit_0
=912  \\$analcatalog
=930  \\$a20140812$b20140905$c00000000
=945  \\$aDigiMet
=945  \\$p116
=946  \\$aOther US
=994  \\$a92$bAGL

