=LDR  01822cam a2200529Ia 4500
=001  9915434969007426
=005  20240624172743.0
=008  910402s1940\\\\dcu\\\\\\\\\\f000\0\eng\d
=016  7\$aCAT10682638$2DNAL
=035  \\$a505166
=035  \\$a(OCoLC)49452840
=035  \\$a(DNAL)505166-naldb-Voyager
=040  \\$aCGU$beng$cCGU$dLYU$dAGL$dOCLCQ$dWIH$dFUG$dOCLCQ$dOCLCF$dOCLCO$dOKS$dOCLCA$dSFR
=043  \\$an-us---
=049  \\$aRQIA
=070  0\$a1$bAg84La
=072  \0$aE200
=086  0\$aA 36.2:L 23
=110  1\$aUnited States.$bDepartment of Agriculture.
=245  10$aLandlord-tenant cooperation :$buse of the flexible farm lease.
=260  \\$aWashington :$bUnited States G.P.O.,$c1940.
=300  \\$a8 pages ;$c23 cm
=336  \\$atext$btxt$2rdacontent
=337  \\$aunmediated$bn$2rdamedia
=338  \\$avolume$bnc$2rdacarrier
=520  \\$aExplanatory to U.S. Dept. of Agriculture, Form Agri-1 - 3, on the flexible farm lease.
=530  \\$aAlso available on the Internet.
=591  \\$bNAL Reclamation
=593  \\$fAgricola CAT
=650  \0$aFarm tenancy$xLaw and legislation$zUnited States.
=650  \0$aLand tenure$xLaw and legislation$zUnited States.
=650  \0$aLeases$zUnited States.
=650  \3$amicroeconomics.
=650  \3$afarm management.
=650  \3$aagricultural economics.
=651  \7$aUnited States.$2fast$0(OCoLC)fst01204155
=655  \3$aInternet resource.
=710  1\$aUnited States.$bDepartment of Agriculture.
=856  41$uhttp://archive.org/details/landlordtenantco00unit
=912  \\$analcatalog
=930  \\$a20210419$b00000000$c00000000
=939  \\$a20130906$b20131018$c00000000
=945  \\$aDigiMet
=945  \\$p32
=946  \\$aUSDA
=959  \\$c2013-09-06$essouder$gurl
=959  \\$c2013-04-02$essouder$gap
=959  \\$c2021-04-08$earojas$gupgrade
=994  \\$a92$bAGL

