=LDR  01246cam a2200373Mi 4500
=001  9915434983107426
=005  20240620160506.0
=008  910402s1943\\\\dcu\\\\\\\\\\\000\0\eng\d
=016  7\$aCAT10682590$2DNAL
=035  \\$a505118
=035  \\$a(OCoLC)71027335
=035  \\$a(DNAL)505118-naldb-Voyager
=040  \\$aAGL$beng$cAGL$dOCLCO$dOCLCQ$dAGL
=049  \\$aRQIA
=070  0\$a1$bF734M
=072  \0$aT000
=072  \0$aD500
=110  1\$aUnited States.$bFood Production Administration.
=245  10$aManual on enforcement of food production orders /$cprepared by and for the use of employees of the Office of the solicitor and the Food production administration. Issued April 24, 1943.
=260  \\$a[Washington] :$b[U.S. Govt. Print. Off.],$c[1943]
=300  \\$a1 volume ;$c23 cm
=336  \\$atext$btxt$2rdacontent
=337  \\$aunmediated$bn$2rdamedia
=338  \\$avolume$bnc$2rdacarrier
=591  \\$bNAL Reclamation
=593  \\$fAgricola CAT
=650  \3$alaws and regulations.
=650  \3$ahuman nutrition.
=655  \3$aInternet resource.
=856  41$uhttps://archive.org/details/manualonenforcem1943unit
=912  \\$analcatalog
=930  \\$a20140812$b20140905$c00000000
=945  \\$aDigiMet
=945  \\$p54
=946  \\$aOther US
=994  \\$a92$bAGL

