=LDR  01556cam a2200421Mi 4500
=001  9915435003607426
=005  20240624172755.0
=008  910402s1923\\\\dcu\\\\\\\\\\\000\0\eng\d
=016  7\$aCAT10682654$2DNAL
=035  \\$a505182
=035  \\$a(OCoLC)71027389
=035  \\$a(DNAL)505182-naldb-Voyager
=040  \\$aAGL$beng$cAGL$dOCLCQ$dOCLCO$dOCLCA$dAGL
=049  \\$aRQIA
=070  0\$a1$bAg84Wa
=072  \0$aF850
=110  1\$aUnited States.$bDepartment of Agriculture.
=245  10$aWarehousing farm products under the U.S. warehouse act. A pamphlet containing questions and answers about the storage of agricultural products in warehouses under federal supervision as provided for in the United States Warehouse act. /$cprepared by the U.S. Dept. of agriculture.
=260  \\$aWashington :$bGovt. Print. Off.,$c1923.
=300  \\$a1 preliminary leaf, 12 pages ;$c22.5 x 9.5 cm
=336  \\$atext$btxt$2rdacontent
=337  \\$aunmediated$bn$2rdamedia
=338  \\$avolume$bnc$2rdacarrier
=530  \\$aAlso available on the Internet.
=591  \\$bNAL Reclamation
=593  \\$fAgricola CAT
=650  \3$astored product protection.
=650  \3$aplant products.
=655  \3$aInternet resource.
=856  41$uhttp://archive.org/details/warehousingfarmp00unit
=912  \\$analcatalog
=930  \\$a20210419$b00000000$c00000000
=939  \\$a20130906$b20131018$c00000000
=945  \\$aDigiMet
=945  \\$p22
=946  \\$aUSDA
=959  \\$c2013-09-06$essouder$gurl
=959  \\$c2013-04-02$essouder$gap
=959  \\$c2021-04-08$earojas$gupgrade
=994  \\$a92$bAGL

