=LDR  01233cam a2200409Mi 4500
=001  9915435042007426
=005  20240624172753.0
=008  910402s1946\\\\dcu\\\\\\\\\\\000\0\eng\d
=016  7\$aCAT10682640$2DNAL
=035  \\$a505168
=035  \\$a(OCoLC)71027377
=035  \\$a(DNAL)505168-naldb-Voyager
=040  \\$aAGL$beng$cAGL$dOCLCQ$dOCLCO$dOCLCA$dAGL
=049  \\$aRQIA
=070  0\$a1$bAg84Wha
=072  \0$aS200
=110  1\$aUnited States.$bDepartment of Agriculture.
=245  10$aWhat are you going to do about King Cotton?.
=260  \\$a[Washington?],$c[1946?]
=300  \\$a12 pages
=336  \\$atext$btxt$2rdacontent
=337  \\$aunmediated$bn$2rdamedia
=338  \\$avolume$bnc$2rdacarrier
=530  \\$aAlso available on the Internet.
=591  \\$bNAL Reclamation
=593  \\$fAgricola CAT
=650  \3$anonfood plant products.
=655  \3$aInternet resource.
=856  41$uhttp://archive.org/details/whatareyougoingt00unit
=912  \\$analcatalog
=930  \\$a20210419$b00000000$c00000000
=939  \\$a20130906$b20131018$c00000000
=945  \\$aDigiMet
=945  \\$p16
=946  \\$aUSDA
=959  \\$c2013-09-06$essouder$gurl
=959  \\$c2013-04-02$essouder$gap
=959  \\$c2021-04-08$earojas$gupgrade
=994  \\$a92$bAGL

