=LDR  01392cam a2200421Mi 4500
=001  9915435091407426
=005  20240620162238.0
=008  910402m19431944dcu\\\\\\\\\\\000\0\eng\d
=016  7\$aCAT10682588$2DNAL
=035  \\$a505116
=035  \\$a(OCoLC)71027333
=035  \\$a(DNAL)505116-naldb-Voyager
=040  \\$aAGL$beng$cAGL$dOCLCF$dOCLCO$dOCLCQ$dOCL$dOCLCA$dOCL$dAGL
=043  \\$an-us---
=049  \\$aRQIA
=070  0\$a1$bF733Fh
=072  \0$aT000
=110  1\$aUnited States.$bWar Food Administration.$bOffice of Distribution.$0http://id.loc.gov/authorities/names/n82023923
=245  10$aFood distribution orders handbook.
=260  \\$aWashington :$bU.S. Govt.print.off.,$c1943-44.
=300  \\$a1 volume
=336  \\$atext$btxt$2rdacontent
=337  \\$aunmediated$bn$2rdamedia
=338  \\$avolume$bnc$2rdacarrier
=591  \\$bNAL Reclamation
=593  \\$fAgricola CAT
=650  \0$aFood supply.
=650  \0$aWorld War, 1939-1945$xFood supply$zUnited States.
=651  \7$aUnited States.$2fast$0(OCoLC)fst01204155
=647  \7$aWorld War$d(1939-1945)$2fast$0(OCoLC)fst01180924
=648  \7$a1939-1945$2fast
=655  \3$aInternet resource.
=700  1\$aKaidanovsky, Samuel P.
=856  41$uhttps://archive.org/details/fooddistribution1943unit
=912  \\$analcatalog
=930  \\$a20140812$b20140905$c00000000
=945  \\$aDigiMet
=945  \\$p476
=946  \\$aOther US
=994  \\$a92$bAGL

