=LDR  01637cam a2200517M  4500
=001  9915435100607426
=005  20240624172741.0
=008  910402s1945\\\\dcu\\\\\\\\\\\000\0\eng\d
=016  7\$aCAT10682664$2DNAL
=035  \\$a505192
=035  \\$a(OCoLC)1288985531
=035  \\$a(DNAL)505192-naldb-Voyager
=040  \\$aAGL$beng$cAGL
=049  \\$aRQIA
=070  0\$a1$bAg84Fir 1945
=072  \0$aE200
=072  \0$aU100
=110  1\$aUnited States.$bDepartment of Agriculture.
=245  10$aFirst aid for flooded homes and farms.$cPrepared by the United States Department of agriculture ...
=250  \\$aRev. Apr. 1945.
=260  \\$a[Washington,$bU.S. Govt. print. off.,$c1945]
=300  \\$a19 pages ;$c23 cm.
=336  \\$atext$btxt$2rdacontent
=337  \\$aunmediated$bn$2rdamedia
=338  \\$avolume$bnc$2rdacarrier
=530  \\$aAlso available on the Internet.
=591  \\$bNAL Reclamation
=593  \\$fAgricola CAT
=650  \3$ahomes and home furnishings.
=650  \3$afamily resource management.
=650  \3$afamily and consumer science.
=650  \3$amicroeconomics.
=650  \3$afarm management.
=650  \3$aagricultural economics.
=655  \3$aInternet resource.
=856  41$uhttp://archive.org/details/firstaidforflood00unit
=912  \\$analcatalog
=930  \\$a20210419$b00000000$c00000000
=939  \\$a20130906$b20131018$c00000000
=939  \\$a20130620$b20130705$c00000000
=945  \\$aDigiMet
=945  \\$p24
=946  \\$aUSDA
=959  \\$c2013-09-06$essouder$gurl
=959  \\$c2013-04-02$essouder$gap
=959  \\$c2013-06-20$ejgilbert$gap
=959  \\$c2021-04-08$earojas$gupgrade
=994  \\$a92$bAGL

