=LDR  01565cam a2200433I  4500
=001  9915435115307426
=005  20240624172748.0
=008  920620s1904\\\\maua\\\\\\\\\\000\0\eng\d
=016  7\$aCAT10505976$2DNAL
=035  \\$a421268
=035  \\$a(OCoLC)05659610
=035  \\$a(DNAL)421268-naldb-Voyager
=040  \\$aCLE$beng$cCLE$dAGL$dOCLCQ$dOCLCO$dTYC$dOCLCF$dOCLCO
=049  \\$aRQIA
=050  \0$aSF487$b.R66 1904
=070  0\$a47$bR56P
=072  \0$aL100
=100  1\$aRobinson, John Henry,$d1863-1935.
=245  10$aPoultry-craft.$bA text-book for poultry keepers. What to do. How to do it. Completely indexed for the convenience of busy people.
=260  \\$aBoston,$bFarm-Poultry Pub. Co.,$c1904.
=300  \\$a272 pages$billustrations.
=336  \\$atext$btxt$2rdacontent
=337  \\$aunmediated$bn$2rdamedia
=338  \\$avolume$bnc$2rdacarrier
=490  1\$aFarm-poultry series,$vno. 5
=591  \\$bNAL Reclamation
=593  \\$fAgricola CAT
=650  \0$aPoultry.$0http://id.loc.gov/authorities/subjects/sh85105892
=655  \3$aInternet resource.
=776  08$iOnline version:$aRobinson, John Henry, 1863-1935.$tPoultry-craft.$dBoston, Farm-Poultry Pub. Co., 1904$w(OCoLC)866898387
=830  \0$aFarm-poultry series ;$vno. 5.
=856  41$uhttps://archive.org/details/poultrycrafttext00robi_0
=912  \\$analcatalog
=930  \\$a20160525$b20160603$c00000000
=939  \\$a20140702$b20140807$c00000000
=939  \\$a20120911$b20121009$c00000000
=945  \\$aDigiMet
=945  \\$p286
=946  \\$aOther US
=959  \\$c2012-09-11$earojas$gap
=994  \\$a92$bAGL

