=LDR  01519cam a2200445Mi 4500
=001  9915435117807426
=005  20240624172751.0
=008  910402s1943\\\\dcu\\\\\\\\\\\000\0\eng\d
=016  7\$aCAT10682636$2DNAL
=035  \\$a505164
=035  \\$a(OCoLC)71027374
=035  \\$a(DNAL)505164-naldb-Voyager
=040  \\$aAGL$beng$cAGL$dOCLCQ$dOCLCO$dOCLCA$dAGL
=049  \\$aRQIA
=070  0\$a1$bAg84Mi
=072  \0$aP200
=110  1\$aUnited States.$bDepartment of Agriculture.
=245  10$aMiddle Colorado river watershed, Texas. Letter from the assistant secretary, Department of agriculture, transmitting a report of a survey ... pursuant to the Flood control act of June 22, 1936.
=260  \\$aWashington :$bU.S. Govt. Print. Off.,$c1943.
=300  \\$a25 pages.
=336  \\$atext$btxt$2rdacontent
=337  \\$aunmediated$bn$2rdamedia
=338  \\$avolume$bnc$2rdacarrier
=490  0\$a78th Cong., 1st sess. House. Doc. 270
=530  \\$aAlso available on the Internet.
=591  \\$bNAL Reclamation
=593  \\$fAgricola CAT
=650  \3$awater resources.
=650  \3$awater management.
=650  \3$anatural resources.
=655  \3$aInternet resource.
=856  41$uhttp://archive.org/details/middlecoloradori00unit
=912  \\$analcatalog
=930  \\$a20210419$b00000000$c00000000
=939  \\$a20130906$b20131018$c00000000
=945  \\$aDigiMet
=945  \\$p56
=946  \\$aUSDA
=959  \\$c2013-09-06$essouder$gurl
=959  \\$c2013-04-02$essouder$gap
=959  \\$c2021-04-08$earojas$gupgrade
=994  \\$a92$bAGL

