=LDR  01162cam a2200325M  4500
=001  9915435120607426
=005  20240620162246.0
=008  910402s1944\\\\dcu\\\\\\\\\\\000\0\eng\d
=016  7\$aCAT10682608$2DNAL
=035  \\$a505136
=035  \\$a(OCoLC)1289074530
=035  \\$a(DNAL)505136-naldb-Voyager
=040  \\$aAGL$beng$cAGL
=049  \\$aRQIA
=070  0\$a1$bF733H 1944
=072  \0$aR000
=110  1\$aUnited States.$bWar Food Administration.$bOffice of Distribution.
=245  10$aHandbook of official hay and straw standards.$bOfficial standards of the United States for hay and straw as established and promulgated by the War food administrator; important features of federal hay inspection. Revised effective September 1, 1944.
=260  \\$aWashington,$bU.S. Govt. print. off.,$c1944.
=300  \\$a53 p.$c14.5cm.
=591  \\$bNAL Reclamation
=593  \\$fAgricola CAT
=650  \3$aforage and feed science.
=650  \3$afeeds.
=655  \3$aInternet resource.
=856  41$uhttps://archive.org/details/handbookofoffici1944unit
=912  \\$analcatalog
=930  \\$a20140812$b20140905$c00000000
=945  \\$aDigiMet
=945  \\$p64
=946  \\$aOther US
=994  \\$a92$bAGL

