=LDR  02014cam a2200565Ma 4500
=001  9915435202007426
=005  20240624172802.0
=008  910402s1937\\\\dcu\\\\\\b\\\f000\0\eng\d
=016  7\$aCAT10682665$2DNAL
=035  \\$a505193
=035  \\$a(OCoLC)761854681
=035  \\$a(DNAL)505193-naldb-Voyager
=040  \\$aMNU$beng$cMNU$dOCLCQ$dOCLCO$dOCLCA$dOCLCF$dAGL
=049  \\$aRQIA
=070  0\$a1$bAg84Fir
=072  \0$aE200
=072  \0$aU100
=086  0\$aA 21.2:F 65
=245  00$aFirst aid for flooded homes and farms /$cprepared by the United States Department of Agriculture.
=260  \\$aWashington, D.C. :$bU.S. G.P.O.,$c1937.
=300  \\$a16 pages ;$c23 cm
=336  \\$atext$btxt$2rdacontent
=337  \\$aunmediated$bn$2rdamedia
=338  \\$avolume$bnc$2rdacarrier
=504  \\$aIncludes bibliographical references.
=591  \\$bNAL Reclamation
=593  \\$fAgricola CAT
=650  \0$aDwellings$xFlood damage.$0http://id.loc.gov/authorities/subjects/sh2001010463
=650  \0$aDwellings$xMaintenance and repair.$0http://id.loc.gov/authorities/subjects/sh85040207
=650  \0$aFarms$xMaintenance and repair.
=650  \0$aCleaning.$0http://id.loc.gov/authorities/subjects/sh85026891
=650  \0$aFlood damage.$0http://id.loc.gov/authorities/subjects/sh85049154
=650  \3$ahomes and home furnishings.
=650  \3$afamily resource management.
=650  \3$afamily and consumer science.
=650  \3$amicroeconomics.
=650  \3$afarm management.
=650  \3$aagricultural economics.
=655  \3$aInternet resource.
=710  1\$aUnited States.$bDepartment of Agriculture.
=856  41$uhttps://archive.org/details/firstaidforfloo00unit
=912  \\$analcatalog
=930  \\$a20191003$b20191101$c00000000
=939  \\$a20130906$b20131018$c00000000
=939  \\$a20130620$b20130705$c00000000
=945  \\$aDigiMet
=945  \\$p24
=946  \\$aUSDA
=959  \\$c2013-09-06$essouder$gurl
=959  \\$c2013-04-02$essouder$gap
=959  \\$c2013-06-20$ejgilbert$gap
=994  \\$a92$bAGL

