=LDR  03690cas a2200685M  4500
=001  9915435364307426
=005  20240624172828.0
=008  001121d19151965dcu\x\p\\\\\\f0\\\\1eng\d
=016  7\$aCAT11088401$2DNAL
=035  \\$a850025
=035  \\$a(OCoLC)292440311
=035  \\$a(DNAL)850025-naldb-Voyager
=040  \\$aLUI$beng$cLUI$dOCL$dOCLCO$dOCLCA$dOCLCF$dAGL$dOCL$dOCLCA
=043  \\$an-us---
=049  \\$aAGLL
=070  0\$a1$bM34S
=086  0\$aA 36.5:
=110  1\$aUnited States.$bConsumer and Marketing Service.$0http://id.loc.gov/authorities/names/n79108925
=245  10$aService and regulatory announcements.
=246  1\$aC & MS-SRA
=246  1\$aSRA-AMS
=246  1\$aSRA-AMA
=246  1\$aSRA-BAE
=246  1\$aSRA-PMA
=260  \\$aWashington, D.C.$bFor sale by the Supt. of Docs., U.S. G.P.O.$c1915-<1937>.
=300  \\$a188 nos.$c23-27 cm
=310  \\$aIrregular
=336  \\$atext$btxt$2rdacontent
=337  \\$aunmediated$bn$2rdamedia
=362  0\$aNo. 1-189.
=515  \\$aNo. 181 not published.
=515  \\$aMost nos. issued in rev. editions.
=550  \\$aIssued 1915-May 1921 by Bureau of Markets (called 1915-Mar. 1917, Office of Markets and Rural Organization); Oct-Nov. 1921 by Bureau of Markets and Crop Estimates; Sept. 1922-June 1939 by Bureau of Agricultural Economics; Apr.-Nov. 1942 by Agricultural Marketing Administration; Feb. 1943-Oct. 1944 by War Food Administration, Office of Distribution (called Feb.-June 1943, Food Distribution Administration); Jan.-May 1945 by Office of Marketing Services; Oct. 1945-1953 by Production and Marketing Administration; 1953-1965 by Agricultural Marketing Service.
=555  \\$aNo. 101-150. 1 v.
=591  \\$bNAL Reclamation
=593  \\$fAgricola CAT
=650  \0$aAgricultural laws and legislation$zUnited States.$0http://id.loc.gov/authorities/subjects/sh85002351
=651  \7$aUnited States.$2fast$0(OCoLC)fst01204155
=710  1\$aUnited States.$bOffice of Markets and Rural Organization.$0http://id.loc.gov/authorities/names/n88295244
=710  1\$aUnited States.$bBureau of Markets.$0http://id.loc.gov/authorities/names/n85166555
=710  1\$aUnited States.$bBureau of Markets and Crop Estimates.$0http://id.loc.gov/authorities/names/n88295247
=710  1\$aUnited States.$bBureau of Agricultural Economics.$0http://id.loc.gov/authorities/names/n80060900
=710  1\$aUnited States.$bAgricultural Marketing Administration.$0http://id.loc.gov/authorities/names/n82020790
=710  1\$aUnited States.$bWar Food Administration.$bOffice of Distribution.$0http://id.loc.gov/authorities/names/n82023923
=710  1\$aUnited States.$bOffice of Marketing Services.$0http://id.loc.gov/authorities/names/n80013434
=710  1\$aUnited States.$bDepartment of Agriculture.$bProduction and Marketing Administration.$0http://id.loc.gov/authorities/names/n84069564
=710  1\$aUnited States.$bAgricultural Marketing Service.$0http://id.loc.gov/authorities/names/n79108924
=710  1\$aUnited States.$bDepartment of Agriculture.
=776  08$iOnline version:$aUnited States. Consumer and Marketing Service.$tC & MS-SRA$w(OCoLC)712488365
=785  00$aUnited States. Meat and Poultry Inspection Program.$tMeat and poultry inspection regulations$w(OCoLC)2885435
=856  41$uhttps://archive.org/details/usda-serviceregulatoryannouncements
=912  \\$analcatalog
=930  \\$a20140801$b20140807$c00000000
=939  \\$a20140522$b20140606$c00000000
=945  \\$aDigiMet
=945  \\$vpt. 1
=945  \\$p92
=945  \\$aDigiMet
=945  \\$vpt. 2
=945  \\$p322
=945  \\$aDigiMet
=945  \\$vpt. 3
=945  \\$p296
=945  \\$aDigiMet
=945  \\$vpt. 4
=945  \\$p234
=945  \\$aDigiMet
=945  \\$vpt. 5
=945  \\$p356
=945  \\$aDigiMet
=945  \\$vpt. 6
=945  \\$p184
=945  \\$aDigiMet
=945  \\$vpt. 7
=945  \\$p80
=945  \\$aDigiMet
=945  \\$vpt. 36
=945  \\$p12
=945  \\$aDigiMet
=945  \\$vpt. 37
=945  \\$p40
=945  \\$aDigiMet
=945  \\$vpt. 38
=945  \\$p44
=945  \\$aDigiMet
=945  \\$vpt. 39
=945  \\$p8
=945  \\$aDigiMet
=945  \\$vpt. 40
=945  \\$p10
=945  \\$aDigiMet
=945  \\$vpt. 41
=945  \\$p8
=945  \\$aDigiMet
=945  \\$vpt. 42
=945  \\$p12
=945  \\$aDigiMet
=945  \\$vpt. 43
=945  \\$p14
=945  \\$aDigiMet
=945  \\$vpt. 44
=945  \\$p16
=945  \\$aDigiMet
=945  \\$vpt. 45
=945  \\$p10
=945  \\$aDigiMet
=945  \\$vpt. 47
=945  \\$p6
=945  \\$aDigiMet
=945  \\$vpt. 48
=945  \\$p6
=945  \\$aDigiMet
=945  \\$vpt. 49
=945  \\$p6
=945  \\$aDigiMet
=945  \\$vpt. 50
=945  \\$p6
=945  \\$aDigiMet
=945  \\$vpt. 51
=945  \\$p8
=945  \\$aDigiMet
=945  \\$vpt. 52
=945  \\$p8
=945  \\$aDigiMet
=945  \\$vpt. 53
=945  \\$p36
=945  \\$aDigiMet
=945  \\$vpt. 54
=945  \\$p6
=945  \\$aDigiMet
=945  \\$vpt. 55
=945  \\$p6
=945  \\$aDigiMet
=945  \\$vpt. 56
=945  \\$p6
=945  \\$aDigiMet
=945  \\$vpt. 57
=945  \\$p8
=945  \\$aDigiMet
=945  \\$vpt. 58
=945  \\$p8
=945  \\$aDigiMet
=945  \\$vpt. 59
=945  \\$p8
=945  \\$aDigiMet
=945  \\$vpt. 60
=945  \\$p6
=945  \\$aDigiMet
=945  \\$vpt. 61
=945  \\$p12
=945  \\$aDigiMet
=945  \\$vpt. 62
=945  \\$p16
=945  \\$aDigiMet
=945  \\$vpt. 63
=945  \\$p10
=945  \\$aDigiMet
=945  \\$vpt. 64
=945  \\$p8
=945  \\$aDigiMet
=945  \\$vpt. 65
=945  \\$p8
=945  \\$aDigiMet
=945  \\$vpt. 66
=945  \\$p8
=945  \\$aDigiMet
=945  \\$vpt. 67
=945  \\$p22
=945  \\$aDigiMet
=945  \\$vpt. 68
=945  \\$p16
=945  \\$aDigiMet
=945  \\$vpt. 69
=945  \\$p18
=945  \\$aDigiMet
=945  \\$vpt. 70
=945  \\$p12
=945  \\$aDigiMet
=945  \\$vpt. 71
=945  \\$p32
=945  \\$aDigiMet
=945  \\$vpt. 72
=945  \\$p18
=945  \\$aDigiMet
=945  \\$vpt. 73
=945  \\$p14
=945  \\$aDigiMet
=945  \\$vpt. 74
=945  \\$p14
=945  \\$aDigiMet
=945  \\$vpt. 75
=945  \\$p12
=945  \\$aDigiMet
=945  \\$vpt. 76
=945  \\$p8
=945  \\$aDigiMet
=945  \\$vpt. 77
=945  \\$p12
=945  \\$aDigiMet
=945  \\$vpt. 78
=945  \\$p12
=945  \\$aDigiMet
=945  \\$vpt. 79
=945  \\$p12
=945  \\$aDigiMet
=945  \\$vpt. 80
=945  \\$p8
=945  \\$aDigiMet
=945  \\$vpt. 81
=945  \\$p8
=945  \\$aDigiMet
=945  \\$vpt. 82
=945  \\$p14
=945  \\$aDigiMet
=945  \\$vpt. 83
=945  \\$p36
=945  \\$aDigiMet
=945  \\$vpt. 84
=945  \\$p8
=945  \\$aDigiMet
=945  \\$vpt. 85
=945  \\$p12
=945  \\$aDigiMet
=945  \\$vpt. 86
=945  \\$p12
=945  \\$aDigiMet
=945  \\$vpt. 87
=945  \\$p10
=945  \\$aDigiMet
=945  \\$vpt. 88
=945  \\$p6
=945  \\$aDigiMet
=945  \\$vpt. 89
=945  \\$p14
=945  \\$aDigiMet
=945  \\$vpt. 90
=945  \\$p28
=945  \\$aDigiMet
=945  \\$vpt. 91
=945  \\$p12
=945  \\$aDigiMet
=945  \\$vpt. 92
=945  \\$p30
=945  \\$aDigiMet
=945  \\$vpt. 93
=945  \\$p30
=945  \\$aDigiMet
=945  \\$vpt. 94
=945  \\$p12
=945  \\$aDigiMet
=945  \\$vpt. 95
=945  \\$p24
=945  \\$aDigiMet
=945  \\$vpt. 96
=945  \\$p28
=945  \\$aDigiMet
=945  \\$vpt. 97
=945  \\$p32
=945  \\$aDigiMet
=945  \\$vpt. 98
=945  \\$p10
=945  \\$aDigiMet
=945  \\$vpt. 99
=945  \\$p6
=945  \\$aDigiMet
=945  \\$vpt. 100
=945  \\$p12
=945  \\$aDigiMet
=945  \\$vpt. 101
=945  \\$p12
=945  \\$aDigiMet
=945  \\$vpt. 102
=945  \\$p12
=945  \\$aDigiMet
=945  \\$vpt. 103
=945  \\$p16
=945  \\$aDigiMet
=945  \\$vpt. 104
=945  \\$p16
=945  \\$aDigiMet
=945  \\$vpt. 105
=945  \\$p32
=945  \\$aDigiMet
=945  \\$vpt. 106
=945  \\$p8
=945  \\$aDigiMet
=945  \\$vpt. 107
=945  \\$p8
=945  \\$aDigiMet
=945  \\$vpt. 108
=945  \\$p32
=945  \\$aDigiMet
=945  \\$vpt. 109
=945  \\$p6
=945  \\$aDigiMet
=945  \\$vpt. 110
=945  \\$p10
=945  \\$aDigiMet
=945  \\$vpt. 111
=945  \\$p8
=945  \\$aDigiMet
=945  \\$vpt. 112
=945  \\$p32
=945  \\$aDigiMet
=945  \\$vpt. 113
=945  \\$p32
=945  \\$aDigiMet
=945  \\$vpt. 114
=945  \\$p28
=945  \\$aDigiMet
=945  \\$vpt. 115
=945  \\$p32
=945  \\$aDigiMet
=945  \\$vpt. 116
=945  \\$p28
=945  \\$aDigiMet
=945  \\$vpt. 117
=945  \\$p28
=945  \\$aDigiMet
=945  \\$vpt. 118
=945  \\$p36
=945  \\$aDigiMet
=945  \\$vpt. 119
=945  \\$p36
=945  \\$aDigiMet
=945  \\$vpt. 121
=945  \\$p34
=945  \\$aDigiMet
=945  \\$vpt. 122
=945  \\$p32
=945  \\$aDigiMet
=945  \\$vpt. 123
=945  \\$p32
=945  \\$aDigiMet
=945  \\$vpt. 124
=945  \\$p32
=945  \\$aDigiMet
=945  \\$vpt. 125
=945  \\$p28
=945  \\$aDigiMet
=945  \\$vpt. 126
=945  \\$p32
=945  \\$aDigiMet
=945  \\$vpt. 127
=945  \\$p36
=945  \\$aDigiMet
=945  \\$vpt. 128
=945  \\$p32
=945  \\$aDigiMet
=945  \\$vpt. 131
=945  \\$p16
=945  \\$aDigiMet
=945  \\$vpt. 132
=945  \\$p20
=945  \\$aDigiMet
=945  \\$vpt. 133
=945  \\$p20
=945  \\$aDigiMet
=945  \\$vpt. 134
=945  \\$p20
=945  \\$aDigiMet
=945  \\$vpt. 135
=945  \\$p24
=945  \\$aDigiMet
=945  \\$vpt. 136
=945  \\$p8
=945  \\$aDigiMet
=945  \\$vpt. 137
=945  \\$p6
=945  \\$aDigiMet
=945  \\$vpt. 138
=945  \\$p6
=945  \\$aDigiMet
=945  \\$vpt. 139
=945  \\$p6
=945  \\$aDigiMet
=945  \\$vpt. 140
=945  \\$p16
=945  \\$aDigiMet
=945  \\$vpt. 141
=945  \\$p6
=945  \\$aDigiMet
=945  \\$vpt. 142
=945  \\$p28
=945  \\$aDigiMet
=945  \\$vpt. 143
=945  \\$p28
=945  \\$aDigiMet
=945  \\$vpt. 144
=945  \\$p12
=945  \\$aDigiMet
=945  \\$vpt. 145
=945  \\$p36
=945  \\$aDigiMet
=945  \\$vpt. 146
=945  \\$p8
=945  \\$aDigiMet
=945  \\$vpt. 147
=945  \\$p16
=945  \\$aDigiMet
=945  \\$vpt. 148
=945  \\$p16
=945  \\$aDigiMet
=945  \\$vpt. 149
=945  \\$p12
=945  \\$aDigiMet
=945  \\$vpt. 150
=945  \\$p12
=945  \\$aDigiMet
=945  \\$vpt. 151
=945  \\$p12
=945  \\$aDigiMet
=945  \\$vpt. 152
=945  \\$p12
=945  \\$aDigiMet
=945  \\$vpt. 153
=945  \\$p12
=945  \\$aDigiMet
=945  \\$vpt. 154
=945  \\$p12
=945  \\$aDigiMet
=945  \\$vpt. 155
=945  \\$p12
=945  \\$aDigiMet
=945  \\$vpt. 156
=945  \\$p12
=945  \\$aDigiMet
=945  \\$vpt. 157
=945  \\$p8
=945  \\$aDigiMet
=945  \\$vpt. 158
=945  \\$p12
=945  \\$aDigiMet
=945  \\$vpt. 159
=945  \\$p80
=945  \\$aDigiMet
=945  \\$vpt. 160
=945  \\$p12
=945  \\$aDigiMet
=945  \\$vpt. 161
=945  \\$p12
=945  \\$aDigiMet
=945  \\$vpt. 162
=945  \\$p28
=945  \\$aDigiMet
=945  \\$vpt. 163
=945  \\$p8
=945  \\$aDigiMet
=945  \\$vpt. 164
=945  \\$p6
=945  \\$aDigiMet
=945  \\$vpt. 165
=945  \\$p8
=945  \\$aDigiMet
=945  \\$vpt. 166
=945  \\$p24
=945  \\$aDigiMet
=945  \\$vpt. 167
=945  \\$p28
=945  \\$aDigiMet
=945  \\$vpt. 168
=945  \\$p20
=945  \\$aDigiMet
=945  \\$vpt. 169
=945  \\$p20
=945  \\$aDigiMet
=945  \\$vpt. 170
=945  \\$p28
=945  \\$aDigiMet
=945  \\$vpt. 171
=945  \\$p16
=945  \\$aDigiMet
=945  \\$vpt. 172
=945  \\$p8
=945  \\$aDigiMet
=945  \\$vpt. 173
=945  \\$p12
=945  \\$aDigiMet
=945  \\$vpt. 174
=945  \\$p12
=945  \\$aDigiMet
=945  \\$vpt. 175
=945  \\$p6
=945  \\$aDigiMet
=945  \\$vpt. 176
=945  \\$p8
=945  \\$aDigiMet
=945  \\$vpt. 177
=945  \\$p28
=945  \\$aDigiMet
=945  \\$vpt. 178
=945  \\$p28
=945  \\$aDigiMet
=945  \\$vpt. 179
=945  \\$p6
=945  \\$aDigiMet
=945  \\$vpt. 180
=945  \\$p16
=945  \\$aDigiMet
=945  \\$vpt. 181
=945  \\$p10
=945  \\$aDigiMet
=945  \\$vpt. 182
=945  \\$p10
=945  \\$aDigiMet
=945  \\$vpt. 183
=945  \\$p30
=945  \\$aDigiMet
=945  \\$vpt. 184
=945  \\$p6
=945  \\$aDigiMet
=945  \\$vpt. 185
=945  \\$p6
=945  \\$aDigiMet
=945  \\$vpt. 186
=945  \\$p36
=945  \\$aDigiMet
=945  \\$vpt. 187
=945  \\$p32
=945  \\$aDigiMet
=945  \\$vpt. 188
=945  \\$p38
=945  \\$aDigiMet
=945  \\$vpt. 189
=945  \\$p34
=945  \\$aDigiMet
=945  \\$vpt. 190
=945  \\$p12
=945  \\$aDigiMet
=945  \\$vpt. 191
=945  \\$p12
=945  \\$aDigiMet
=945  \\$vpt. 192
=945  \\$p20
=945  \\$aDigiMet
=945  \\$vpt. 193
=945  \\$p20
=945  \\$aDigiMet
=945  \\$vpt. 194
=945  \\$p20
=945  \\$aDigiMet
=945  \\$vpt. 195
=945  \\$p46
=945  \\$aDigiMet
=945  \\$vpt. 196
=945  \\$p56
=945  \\$aDigiMet
=945  \\$vpt. 197
=945  \\$p60
=945  \\$aDigiMet
=945  \\$vpt. 198
=945  \\$p74
=945  \\$aDigiMet
=945  \\$vpt. 199
=945  \\$p80
=945  \\$aDigiMet
=945  \\$vpt. 200
=945  \\$p88
=945  \\$aDigiMet
=945  \\$vpt. 201
=945  \\$p28
=945  \\$aDigiMet
=945  \\$vpt. 202
=945  \\$p30
=945  \\$aDigiMet
=945  \\$vpt. 203
=945  \\$p28
=945  \\$aDigiMet
=945  \\$vpt. 204
=945  \\$p28
=945  \\$aDigiMet
=945  \\$vpt. 205
=945  \\$p28
=945  \\$aDigiMet
=945  \\$vpt. 206
=945  \\$p16
=945  \\$aDigiMet
=945  \\$vpt. 207
=945  \\$p32
=945  \\$aDigiMet
=945  \\$vpt. 208
=945  \\$p38
=945  \\$aDigiMet
=945  \\$vpt. 209
=945  \\$p36
=945  \\$aDigiMet
=945  \\$vpt. 210
=945  \\$p56
=945  \\$aDigiMet
=945  \\$vpt. 211
=945  \\$p40
=945  \\$aDigiMet
=945  \\$vpt. 250
=945  \\$p68
=945  \\$aDigiMet
=945  \\$vpt. 251
=945  \\$p20
=945  \\$aDigiMet
=945  \\$vpt. 252
=945  \\$p10
=945  \\$aDigiMet
=945  \\$vpt. 253
=945  \\$p14
=945  \\$aDigiMet
=945  \\$vpt. 254
=945  \\$p14
=945  \\$aDigiMet
=945  \\$vpt. 255
=945  \\$p12
=945  \\$aDigiMet
=945  \\$vpt. 256
=945  \\$p46
=945  \\$aDigiMet
=945  \\$vpt. 257
=945  \\$p12
=945  \\$aDigiMet
=945  \\$vpt. 258
=945  \\$p12
=945  \\$aDigiMet
=945  \\$vpt. 259
=945  \\$p12
=945  \\$aDigiMet
=945  \\$vpt. 260
=945  \\$p32
=945  \\$aDigiMet
=945  \\$vpt. 261
=945  \\$p6
=945  \\$aDigiMet
=945  \\$vpt. 262
=945  \\$p8
=945  \\$aDigiMet
=945  \\$vpt. 263
=945  \\$p12
=945  \\$aDigiMet
=945  \\$vpt. 264
=945  \\$p44
=945  \\$aDigiMet
=945  \\$vpt. 265
=945  \\$p32
=945  \\$aDigiMet
=945  \\$vpt. 266
=945  \\$p36
=945  \\$aDigiMet
=945  \\$vpt. 267
=945  \\$p38
=945  \\$aDigiMet
=945  \\$vpt. 268
=945  \\$p6
=945  \\$aDigiMet
=945  \\$vpt. 269
=945  \\$p6
=945  \\$aDigiMet
=945  \\$vpt. 270
=945  \\$p6
=945  \\$aDigiMet
=945  \\$vpt. 271
=945  \\$p18
=945  \\$aDigiMet
=945  \\$vpt. 272
=945  \\$p14
=945  \\$aDigiMet
=945  \\$vpt. 273
=945  \\$p30
=945  \\$aDigiMet
=945  \\$vpt. 274
=945  \\$p36
=945  \\$aDigiMet
=945  \\$vpt. 275
=945  \\$p28
=945  \\$aDigiMet
=945  \\$vpt. 276
=945  \\$p6
=945  \\$aDigiMet
=945  \\$vpt. 277
=945  \\$p8
=945  \\$aDigiMet
=945  \\$vpt. 278
=945  \\$p34
=945  \\$aDigiMet
=945  \\$vpt. 279
=945  \\$p14
=945  \\$aDigiMet
=945  \\$vpt. 280
=945  \\$p10
=945  \\$aDigiMet
=945  \\$vpt. 281
=945  \\$p6
=945  \\$aDigiMet
=945  \\$vpt. 282
=945  \\$p6
=945  \\$aDigiMet
=945  \\$vpt. 283
=945  \\$p6
=945  \\$aDigiMet
=945  \\$vpt. 284
=945  \\$p38
=945  \\$aDigiMet
=945  \\$vpt. 285
=945  \\$p48
=945  \\$aDigiMet
=945  \\$vpt. 286
=945  \\$p28
=945  \\$aDigiMet
=945  \\$vpt. 287
=945  \\$p22
=945  \\$aDigiMet
=945  \\$vpt. 288
=945  \\$p12
=945  \\$aDigiMet
=945  \\$vpt. 289
=945  \\$p12
=945  \\$aDigiMet
=945  \\$vpt. 290
=945  \\$p12
=945  \\$aDigiMet
=945  \\$vpt. 291
=945  \\$p12
=945  \\$aDigiMet
=945  \\$vpt. 292
=945  \\$p20
=945  \\$aDigiMet
=945  \\$vpt. 293
=945  \\$p18
=945  \\$aDigiMet
=945  \\$vpt. 294
=945  \\$p14
=945  \\$aDigiMet
=945  \\$vpt. 295
=945  \\$p54
=945  \\$aDigiMet
=945  \\$vpt. 296
=945  \\$p12
=945  \\$aDigiMet
=945  \\$vpt. 297
=945  \\$p12
=945  \\$aDigiMet
=945  \\$vpt. 298
=945  \\$p20
=945  \\$aDigiMet
=945  \\$vpt. 299
=945  \\$p10
=945  \\$aDigiMet
=945  \\$vpt. 300
=945  \\$p8
=945  \\$aDigiMet
=945  \\$vpt. 301
=945  \\$p12
=945  \\$aDigiMet
=945  \\$vpt. 302
=945  \\$p16
=945  \\$aDigiMet
=945  \\$vpt. 303
=945  \\$p12
=945  \\$aDigiMet
=945  \\$vpt. 304
=945  \\$p16
=945  \\$aDigiMet
=945  \\$vpt. 305
=945  \\$p16
=945  \\$aDigiMet
=945  \\$vpt. 306
=945  \\$p20
=945  \\$aDigiMet
=945  \\$vpt. 307
=945  \\$p24
=945  \\$aDigiMet
=945  \\$vpt. 308
=945  \\$p20
=945  \\$aDigiMet
=945  \\$vpt. 309
=945  \\$p12
=945  \\$aDigiMet
=945  \\$vpt. 310
=945  \\$p12
=945  \\$aDigiMet
=945  \\$vpt. 311
=945  \\$p12
=945  \\$aDigiMet
=945  \\$vpt. 312
=945  \\$p16
=945  \\$aDigiMet
=945  \\$vpt. 313
=945  \\$p28
=945  \\$aDigiMet
=945  \\$vpt. 314
=945  \\$p22
=945  \\$aDigiMet
=945  \\$vpt. 315
=945  \\$p20
=945  \\$aDigiMet
=945  \\$vpt. 316
=945  \\$p10
=945  \\$aDigiMet
=945  \\$vpt. 317
=945  \\$p24
=945  \\$aDigiMet
=945  \\$vpt. 318
=945  \\$p24
=945  \\$aDigiMet
=945  \\$vpt. 319
=945  \\$p24
=945  \\$aDigiMet
=945  \\$vpt. 320
=945  \\$p24
=945  \\$aDigiMet
=945  \\$vpt. 321
=945  \\$p60
=945  \\$aDigiMet
=945  \\$vpt. 322
=945  \\$p60
=945  \\$aDigiMet
=945  \\$vpt. 323
=945  \\$p44
=945  \\$aDigiMet
=945  \\$vpt. 324
=945  \\$p52
=945  \\$aDigiMet
=945  \\$vpt. 325
=945  \\$p8
=945  \\$aDigiMet
=945  \\$vpt. 326
=945  \\$p14
=945  \\$aDigiMet
=945  \\$vpt. 327
=945  \\$p16
=945  \\$aDigiMet
=945  \\$vpt. 328
=945  \\$p20
=945  \\$aDigiMet
=945  \\$vpt. 329
=945  \\$p16
=945  \\$aDigiMet
=945  \\$vpt. 330
=945  \\$p26
=945  \\$aDigiMet
=945  \\$vpt. 331
=945  \\$p8
=945  \\$aDigiMet
=945  \\$vpt. 332
=945  \\$p8
=945  \\$aDigiMet
=945  \\$vpt. 333
=945  \\$p14
=945  \\$aDigiMet
=945  \\$vpt. 334
=945  \\$p8
=945  \\$aDigiMet
=945  \\$vpt. 335
=945  \\$p8
=945  \\$aDigiMet
=945  \\$vpt. 336
=945  \\$p12
=945  \\$aDigiMet
=945  \\$vpt. 337
=945  \\$p12
=945  \\$aDigiMet
=945  \\$vpt. 338
=945  \\$p12
=945  \\$aDigiMet
=945  \\$vpt. 339
=945  \\$p12
=945  \\$aDigiMet
=945  \\$vpt. 340
=945  \\$p16
=945  \\$aDigiMet
=945  \\$vpt. 341
=945  \\$p22
=945  \\$aDigiMet
=945  \\$vpt. 342
=945  \\$p32
=945  \\$aDigiMet
=945  \\$vpt. 343
=945  \\$p32
=945  \\$aDigiMet
=945  \\$vpt. 344
=945  \\$p36
=945  \\$aDigiMet
=945  \\$vpt. 345
=945  \\$p16
=945  \\$aDigiMet
=945  \\$vpt. 346
=945  \\$p112
=945  \\$aDigiMet
=945  \\$vpt. 347
=945  \\$p103
=945  \\$aDigiMet
=945  \\$vpt. 348
=945  \\$p103
=945  \\$aDigiMet
=945  \\$vpt. 349
=945  \\$p103
=945  \\$aDigiMet
=945  \\$vpt. 350
=945  \\$p76
=945  \\$aDigiMet
=945  \\$vpt. 351
=945  \\$p16
=945  \\$aDigiMet
=945  \\$vpt. 352
=945  \\$p16
=945  \\$aDigiMet
=945  \\$vpt. 353
=945  \\$p16
=945  \\$aDigiMet
=945  \\$vpt. 354
=945  \\$p16
=945  \\$aDigiMet
=945  \\$vpt. 355
=945  \\$p8
=945  \\$aDigiMet
=945  \\$vpt. 356
=945  \\$p22
=945  \\$aDigiMet
=945  \\$vpt. 357
=945  \\$p18
=945  \\$aDigiMet
=945  \\$vpt. 358
=945  \\$p28
=945  \\$aDigiMet
=945  \\$vpt. 359
=945  \\$p28
=945  \\$aDigiMet
=945  \\$vpt. 360
=945  \\$p12
=945  \\$aDigiMet
=945  \\$vpt. 361
=945  \\$p82
=945  \\$aDigiMet
=945  \\$vpt. 362
=945  \\$p40
=945  \\$aDigiMet
=945  \\$vpt. 363
=945  \\$p48
=945  \\$aDigiMet
=945  \\$vpt. 364
=945  \\$p72
=945  \\$aDigiMet
=945  \\$vpt. 365
=945  \\$p76
=945  \\$aDigiMet
=945  \\$vpt. 366
=945  \\$p8
=945  \\$aDigiMet
=945  \\$vpt. 367
=945  \\$p84
=946  \\$aUSDA
=959  \\$c2014-10-03$essouder$gurl
=959  \\$c2013-04-02$essouder$gap
=959  \\$c2014-05-22$ergallett$gupgrade
=959  \\$c2014-08-01$ergallett$gupgrade
=994  \\$a92$bAGL

