=LDR  01974cas a2200565 a 4500
=001  9915435368207426
=005  20240624172835.0
=008  001121d19241933dcubr\p\\\\\\f0\\\a0eng\c
=010  \\$asn 86032998 
=016  7\$aCAT11088243$2DNAL
=022  0\$a2693-9584$21
=035  \\$a850269
=035  \\$a(OCoLC)01569775
=035  \\$a(DNAL)850269-naldb-Voyager
=040  \\$aMUL$beng$cMUL$dNYG$dOCL$dIUL$dOCLCQ$dMTG$dAMAZN$dOCLCQ$dOCLCF$dAGL$dOCLCO$dOCLCQ$dGPO$dDLC
=042  \\$apcc$ansdp
=043  \\$an-us---
=049  \\$aAGLL
=050  10$aISSN RECORD
=070  0\$a1$bF76Fw
=086  0\$aA 13.19:
=222  \4$aThe Forest worker$b(Print)
=245  04$aThe Forest worker.
=260  \\$aWashington, D.C :$bU.S. Dept. of Agriculture, Forest Service :$bU.S. G.P.O.,$c1924-1933.
=300  \\$a9 volumes :$billustrations ;$c25-27 cm
=310  \\$aBimonthly
=336  \\$atext$btxt$2rdacontent
=337  \\$aunmediated$bn$2rdamedia
=338  \\$avolume$bnc$2rdacarrier
=362  0\$aSept. 1924-v. 9, no. 4 (July 1933).
=530  \\$aAlso issued online.
=588  0\$aSept. 1924; title from title page.
=591  \\$bNAL Reclamation
=593  \\$fAgricola CAT
=650  \0$aForests and forestry$zUnited States$vPeriodicals.
=650  \0$aForests and forestry$vPeriodicals.
=650  \0$aForest management$vPeriodicals.
=651  \7$aUnited States.$2fast$0(OCoLC)fst01204155
=655  \3$aInternet resource.
=655  \7$aPeriodicals.$2fast$0(OCoLC)fst01411641
=710  1\$aUnited States.$bForest Service.$0http://id.loc.gov/authorities/names/n79054932
=776  08$iOnline version:$tForest worker$x2693-9592$w(DLC)  2020202899$w(OCoLC)608444263
=856  41$uhttps://archive.org/details/usda-forestworker
=912  \\$analcatalog
=930  \\$a20140808$b20140905$c00000000
=938  \\$aAMAZON$bAMZN$nB00305GU1K
=939  \\$a20140311$b20140404$c00000000
=945  \\$aDigiMet
=945  \\$vpt. 1
=945  \\$p56
=945  \\$aDigiMet
=945  \\$vpt. 2
=945  \\$p96
=945  \\$aDigiMet
=945  \\$vpt. 3
=945  \\$p80
=945  \\$aDigiMet
=945  \\$vpt. 4
=945  \\$p64
=945  \\$aDigiMet
=945  \\$vpt. 5
=945  \\$p74
=945  \\$aDigiMet
=945  \\$vpt. 6
=945  \\$p56
=945  \\$aDigiMet
=945  \\$vpt. 7
=945  \\$p48
=945  \\$aDigiMet
=945  \\$vpt. 8
=945  \\$p44
=945  \\$aDigiMet
=945  \\$vpt. 9
=945  \\$p52
=945  \\$aDigiMet
=945  \\$vpt. 10
=945  \\$p56
=945  \\$aDigiMet
=945  \\$vpt. 11
=945  \\$p58
=945  \\$aDigiMet
=945  \\$vpt. 12
=945  \\$p60
=945  \\$aDigiMet
=945  \\$vpt. 13
=945  \\$p64
=945  \\$aDigiMet
=945  \\$vpt. 14
=945  \\$p70
=945  \\$aDigiMet
=945  \\$vpt. 15
=945  \\$p28
=945  \\$aDigiMet
=945  \\$vpt. 16
=945  \\$p28
=945  \\$aDigiMet
=945  \\$vpt. 17
=945  \\$p28
=945  \\$aDigiMet
=945  \\$vpt. 18
=945  \\$p28
=945  \\$aDigiMet
=945  \\$vpt. 19
=945  \\$p28
=945  \\$aDigiMet
=945  \\$vpt. 20
=945  \\$p28
=945  \\$aDigiMet
=945  \\$vpt. 21
=945  \\$p28
=945  \\$aDigiMet
=945  \\$vpt. 22
=945  \\$p28
=945  \\$aDigiMet
=945  \\$vpt. 23
=945  \\$p36
=945  \\$aDigiMet
=945  \\$vpt. 24
=945  \\$p36
=945  \\$aDigiMet
=945  \\$vpt. 25
=945  \\$p36
=945  \\$aDigiMet
=945  \\$vpt. 26
=945  \\$p36
=945  \\$aDigiMet
=945  \\$vpt. 27
=945  \\$p36
=945  \\$aDigiMet
=945  \\$vpt. 28
=945  \\$p36
=945  \\$aDigiMet
=945  \\$vpt. 29
=945  \\$p36
=945  \\$aDigiMet
=945  \\$vpt. 30
=945  \\$p36
=945  \\$aDigiMet
=945  \\$vpt. 31
=945  \\$p36
=945  \\$aDigiMet
=945  \\$vpt. 32
=945  \\$p36
=945  \\$aDigiMet
=945  \\$vpt. 33
=945  \\$p36
=945  \\$aDigiMet
=945  \\$vpt. 34
=945  \\$p36
=945  \\$aDigiMet
=945  \\$vpt. 35
=945  \\$p36
=945  \\$aDigiMet
=945  \\$vpt. 36
=945  \\$p36
=945  \\$aDigiMet
=945  \\$vpt. 37
=945  \\$p36
=945  \\$aDigiMet
=945  \\$vpt. 38
=945  \\$p36
=945  \\$aDigiMet
=945  \\$vpt. 39
=945  \\$p36
=945  \\$aDigiMet
=945  \\$vpt. 40
=945  \\$p36
=945  \\$aDigiMet
=945  \\$vpt. 41
=945  \\$p36
=945  \\$aDigiMet
=945  \\$vpt. 42
=945  \\$p36
=945  \\$aDigiMet
=945  \\$vpt. 43
=945  \\$p36
=945  \\$aDigiMet
=945  \\$vpt. 44
=945  \\$p36
=945  \\$aDigiMet
=945  \\$vpt. 45
=945  \\$p36
=945  \\$aDigiMet
=945  \\$vpt. 46
=945  \\$p28
=945  \\$aDigiMet
=945  \\$vpt. 47
=945  \\$p20
=945  \\$aDigiMet
=945  \\$vpt. 48
=945  \\$p28
=945  \\$aDigiMet
=945  \\$vpt. 49
=945  \\$p28
=945  \\$aDigiMet
=945  \\$vpt. 50
=945  \\$p28
=945  \\$aDigiMet
=945  \\$vpt. 51
=945  \\$p28
=945  \\$aDigiMet
=945  \\$vpt. 52
=945  \\$p28
=945  \\$aDigiMet
=945  \\$vpt. 53
=945  \\$p28
=945  \\$aDigiMet
=945  \\$vpt. 54
=945  \\$p28
=946  \\$aUSDA
=958  \\$be$c2014-03-11$dc$ergallett
=994  \\$a92$bAGL

