=LDR  01280cam a2200421M  4500
=001  9915435369307426
=005  20240624172832.0
=008  910402s1942\\\\dcua\\\\\\\\\\000\0\eng\d
=016  7\$aCAT10679344$2DNAL
=035  \\$a501938
=035  \\$a(OCoLC)1289135184
=035  \\$a(DNAL)501938-naldb-Voyager
=040  \\$aAGL$beng$cAGL
=049  \\$aRQIA
=070  0\$a1$bAg84Cm
=072  \0$aQ101
=110  1\$aUnited States.$bDepartment of Agriculture.
=245  10$aClean milk. Food for freedom.
=260  \\$a[Washington,$bU.S. Govt. print. off.,$c1942]
=300  \\$afolder ([6] pages) :$billustrations ;$c22 x 10 cm.
=336  \\$atext$btxt$2rdacontent
=337  \\$aunmediated$bn$2rdamedia
=338  \\$avolume$bnc$2rdacarrier
=530  \\$aAlso available on the Internet.
=591  \\$bNAL Reclamation
=593  \\$fAgricola CAT
=610  10$aFood for Freedom Program.
=650  \0$aMilk.
=655  \3$aInternet resource.
=856  41$uhttp://archive.org/details/cleanmilkfoodfor00unit
=912  \\$analcatalog
=930  \\$a20210419$b00000000$c00000000
=939  \\$a20130906$b20131018$c00000000
=945  \\$aDigiMet
=945  \\$p6
=946  \\$aUSDA
=959  \\$c2013-09-06$essouder$gurl
=959  \\$c2013-04-02$essouder$gap
=959  \\$c2021-04-08$earojas$gupgrade
=994  \\$a92$bAGL

