=LDR  01480cam a2200457Ia 4500
=001  9915435374107426
=005  20240624172827.0
=008  910402s1927\\\\cou\\\\\\\\\\f000\0\eng\d
=016  7\$aCAT10679346$2DNAL
=035  \\$a501940
=035  \\$a(OCoLC)34037253
=035  \\$a(DNAL)501940-naldb-Voyager
=040  \\$aCOF$beng$cCOF$dAGL$dOCLCQ$dOCLCF$dOCLCO$dCOD$dOCL$dOCLCA
=043  \\$an-us---
=049  \\$aRQIA
=070  0\$a1$bAg84Ch
=072  \0$aX500
=086  0\$aA 1.2:C 42
=245  00$aChemistry in the United States Department of Agriculture.
=260  \\$aWashington :$bU.S. Dept. of Agriculture :$bU.S. Government Printing Office,$c1927.
=300  \\$a36 pages ;$c16 cm
=336  \\$atext$btxt$2rdacontent
=337  \\$aunmediated$bn$2rdamedia
=338  \\$avolume$bnc$2rdacarrier
=530  \\$aAlso available on the Internet.
=591  \\$bNAL Reclamation
=593  \\$fAgricola CAT
=650  \0$aAgricultural chemistry$zUnited States.
=650  \3$achemistry.
=651  \7$aUnited States.$2fast$0(OCoLC)fst01204155
=655  \3$aInternet resource.
=710  1\$aUnited States.$bDepartment of Agriculture.
=856  41$uhttp://archive.org/details/chemistryinunite00unit
=912  \\$analcatalog
=930  \\$a20210419$b00000000$c00000000
=939  \\$a20130906$b20131018$c00000000
=945  \\$aDigiMet
=945  \\$p48
=946  \\$aUSDA
=959  \\$c2013-09-06$essouder$gurl
=959  \\$c2013-04-02$essouder$gap
=959  \\$c2021-04-08$earojas$gupgrade
=994  \\$a92$bAGL

