=LDR  01510cam a2200421Mi 4500
=001  9915435392007426
=005  20240620162141.0
=008  910402s1963\\\\dcua\\\\\\\\\f000\0\eng\d
=016  7\$aCAT10679131$2DNAL
=035  \\$a501725
=035  \\$a(OCoLC)1053363601
=035  \\$a(DNAL)501725-naldb-Voyager
=040  \\$aINT$beng$cINT$dOCLCO$dOCLCF$dOCLCQ$dOCLCO$dOCLCA$dAGL
=049  \\$aRQIA
=070  0\$aA423$bR316Coo 1963
=072  \0$aL001
=086  0\$aA 77.324/3:P 58
=110  1\$aUnited States.$bPlant Pest Control Division.$0http://id.loc.gov/authorities/names/n82115279
=245  10$aCooperative economic insect report. Pictorial keys.
=246  3\$aPictorial keys, cooperative economic insect report
=250  \\$aRev. Jan. 1963.
=260  \\$aWashington, DC :$bUnited States Department of Agriculture,$c1963.
=300  \\$a13 pages :$billustrations
=336  \\$atext$btxt$2rdacontent
=337  \\$aunmediated$bn$2rdamedia
=338  \\$avolume$bnc$2rdacarrier
=591  \\$bNAL Reclamation
=593  \\$fAgricola CAT
=650  \0$aInsect pests$vPictorial works.
=655  \3$aInternet resource.
=655  \7$aPictorial works.$2fast$0(OCoLC)fst01423874
=710  1\$aUnited States.$bAgricultural Research Service.$0http://id.loc.gov/authorities/names/n79108942
=710  1\$aUnited States.$bDepartment of Agriculture.
=856  41$uhttps://archive.org/details/CAT10679131
=912  \\$analcatalog
=930  \\$a20160801$b20160805$c00000000
=945  \\$aDigiMet
=945  \\$p20
=946  \\$aUSDA
=994  \\$a92$bAGL

