=LDR  01354cas a2200409   4500
=001  9915435415407426
=005  20240620162144.0
=008  001121u19uuuuuusl\\x\\\\\\\\\1\\\\0eng\d
=016  7\$aCAT11088309$2DNAL
=035  \\$a850277
=035  \\$a(OCoLC)47846730
=035  \\$a(DNAL)850277-naldb-Voyager
=040  \\$aYUS$beng$cYUS$dOCLCQ$dOCLCF$dOCLCO$dOCL$dOCLCO$dOCL$dOCLCO$dOCLCQ$dAGL
=043  \\$af------
=049  \\$aRQIC
=050  \0$aJQ1876$b.I58 (LC)
=070  0\$a1$bEx64
=111  2\$aInter-African Public Administration Seminar.$0http://id.loc.gov/authorities/names/n50077665
=245  10$a[Report].
=260  \\$aFreetown, Sierra Leone
=300  \\$avolumes$billustrations$c23 cm
=310  \\$aIrregular
=336  \\$atext$btxt$2rdacontent
=337  \\$aunmediated$bn$2rdamedia
=338  \\$avolume$bnc$2rdacarrier
=591  \\$bNAL Reclamation
=593  \\$fAgricola CAT
=651  \0$aAfrica$xPolitics and government$vCongresses.
=650  \0$aPublic administration$vCongresses.
=651  \7$aAfrica.$2fast$0(OCoLC)fst01239509
=655  \3$aInternet resource.
=655  \7$aConference papers and proceedings.$2fast$0(OCoLC)fst01423772
=856  41$uhttps://archive.org/details/usda-experimentstationpublications
=912  \\$analcatalog
=930  \\$a20140702$b00000000$c00000000
=945  \\$aDigiMet
=945  \\$vpt. 1
=945  \\$p28
=945  \\$aDigiMet
=945  \\$vpt. 2
=945  \\$p46
=945  \\$aDigiMet
=945  \\$vpt. 3
=945  \\$p40
=945  \\$aDigiMet
=945  \\$vpt. 4
=945  \\$p30
=945  \\$aDigiMet
=945  \\$vpt. 5
=945  \\$p26
=945  \\$aDigiMet
=945  \\$vpt. 6
=945  \\$p26
=945  \\$aDigiMet
=945  \\$vpt. 7
=945  \\$p24
=945  \\$aDigiMet
=945  \\$vpt. 8
=945  \\$p26
=945  \\$aDigiMet
=945  \\$vpt. 9
=945  \\$p24
=945  \\$aDigiMet
=945  \\$vpt. 10
=945  \\$p28
=945  \\$aDigiMet
=945  \\$vpt. 11
=945  \\$p26
=945  \\$aDigiMet
=945  \\$vpt. 12
=945  \\$p26
=945  \\$aDigiMet
=945  \\$vpt. 13
=945  \\$p28
=945  \\$aDigiMet
=945  \\$vpt. 14
=945  \\$p28
=945  \\$aDigiMet
=945  \\$vpt. 15
=945  \\$p20
=946  \\$aNon-US
=994  \\$a92$bAGL

