=LDR  01312cas a2200397I  4500
=001  9915435435607426
=005  20240624172832.0
=008  001010d1uuu19uuxx\wr\p\\\\\\\0\\\a0eng\d
=016  7\$aCAT11084507$2DNAL
=035  \\$a850294
=035  \\$a(OCoLC)298258894
=035  \\$a(DNAL)850294-naldb-Voyager
=040  \\$aCOO$beng$cCOO$dOCLCQ$dOCLCO$dOCLCA$dOCLCQ$dAGL
=049  \\$aRQIC
=070  0\$a1.9$bIn3Fo
=110  1\$aUnited States.$bDepartment of Agriculture.$bRadio Service.
=245  10$a4-H club crier.
=260  \\$a[Place of publication not identified]
=300  \\$avolumes$c27 cm
=310  \\$aWeekly
=336  \\$atext$btxt$2rdacontent
=337  \\$aunmediated$bn$2rdamedia
=338  \\$avolume$bnc$2rdacarrier
=591  \\$bNAL Reclamation
=593  \\$fAgricola CAT
=650  \0$a4-H clubs$zUnited States.
=655  \3$aInternet resource.
=776  08$iOnline version:$aUnited States. Department of Agriculture. Office of Information. Radio service.$t4-H club crier$w(OCoLC)693747005
=856  41$uhttps://archive.org/details/usda-usdaradioservice
=912  \\$analcatalog
=930  \\$a20140702$b20140807$c00000000
=939  \\$a20140205$b20140307$c00000000
=945  \\$aDigiMet
=945  \\$vpt. 1
=945  \\$p116
=945  \\$aDigiMet
=945  \\$vpt. 2
=945  \\$p128
=946  \\$aUSDA
=959  \\$c2013-04-02$essouder$gap
=959  \\$c2014-02-05$edfriedma$gsubjadd
=994  \\$a92$bAGL

