=LDR  02275cas a2200589 a 4500
=001  9915435438707426
=005  20240624172825.0
=008  001121d19151921dcuwr\p\\\\\\f0\\\\0eng\c
=010  \\$asn 86033970 
=012  \\$i8608
=016  7\$aCAT11088402$2DNAL
=035  \\$a850026
=035  \\$a(OCoLC)14138773
=035  \\$a(DNAL)850026-naldb-Voyager
=040  \\$aNYG$beng$cNYG$dOCLCQ$dKRTAS$dAMAZN$dAGL$dOCLCQ$dOCLCF$dOCLCO$dOCLCA$dCUY
=042  \\$apcc
=043  \\$an-us---
=049  \\$aAGLL
=050  \0$aS21$b.A63
=070  0\$a1$bAg84W
=130  0\$aWeekly news letter (United States. Department of Agriculture)
=245  10$aWeekly news letter /$cUnited States Department of Agriculture.
=260  \\$aWashington, D.C. :$bThe Dept.,$c1915-1921.
=300  \\$avolumes :$billustrations ;$c29 cm
=310  \\$aWeekly
=336  \\$atext$btxt$2rdacontent
=337  \\$aunmediated$bn$2rdamedia
=338  \\$avolume$bnc$2rdacarrier
=362  0\$aVol. 2, no. 36 (Apr. 14, 1915)-v. 9, no. 19 (Dec. 7, 1921).
=591  \\$bNAL Reclamation
=593  \\$fAgricola CAT
=650  \0$aAgriculture$vPeriodicals.
=650  \0$aAgriculture$zUnited States$vPeriodicals.
=651  \7$aUnited States.$2fast$0(OCoLC)fst01204155
=655  \3$aInternet resource.
=655  \7$aPeriodicals.$2fast$0(OCoLC)fst01411641
=710  1\$aUnited States.$bDepartment of Agriculture.
=776  08$iOnline version:$tWeekly news letter (United States. Department of Agriculture)$w(OCoLC)555804284
=776  08$iOnline version:$tWeekly news letter (United States. Department of Agriculture)$w(OCoLC)605985301
=780  00$tWeekly news letter to crop correspondents$w(DLC)sn 86033969$w(OCoLC)1550982
=785  00$aUnited States. Department of Agriculture.$tOfficial record of the United States Department of Agriculture$w(DLC)agr22000146$w(OCoLC)1550966
=850  \\$aN
=856  41$uhttps://archive.org/details/usda-weeklynewsletter
=912  \\$analcatalog
=930  \\$a20140305$b20140404$c00000000
=938  \\$aKirtas Technologies, Inc.$bKRTS$n847219
=938  \\$aAMAZON$bAMZN$nB003B3P1CU
=939  \\$a20121212$b20130104$c00000000
=945  \\$aDigiMet
=945  \\$p374
=945  \\$aDigiMet
=945  \\$p196
=945  \\$aDigiMet
=945  \\$p784
=945  \\$aDigiMet
=945  \\$p170
=945  \\$aDigiMet
=945  \\$p538
=945  \\$aDigiMet
=945  \\$p552
=945  \\$aDigiMet
=945  \\$p346
=945  \\$aDigiMet
=945  \\$p506
=946  \\$aUSDA
=959  \\$c2013-04-02$essouder$gap
=959  \\$c2012-12-12$ergallett$gupgrade
=994  \\$a92$bAGL

