=LDR  01134cam a2200361Mi 4500
=001  9915435460607426
=005  20240620162159.0
=008  910402s1960\\\\dcu\\\\\\\\\\\000\0\eng\d
=016  7\$aCAT10679130$2DNAL
=035  \\$a501724
=035  \\$a(OCoLC)71024901
=035  \\$a(DNAL)501724-naldb-Voyager
=040  \\$aAGL$beng$cAGL$dOCLCF$dOCLCO$dOCLCQ$dOCLCO$dAGL
=049  \\$aRQIA
=070  0\$aA423$bR316Coo
=072  \0$aL100
=110  1\$aUnited States.$bPlant Pest Control Division.$0http://id.loc.gov/authorities/names/n82115279
=245  10$aCooperative economic insect report. Pictorial keys.
=260  \\$a[Washington],$c1960.
=300  \\$a10 pages
=336  \\$atext$btxt$2rdacontent
=337  \\$aunmediated$bn$2rdamedia
=338  \\$avolume$bnc$2rdacarrier
=591  \\$bNAL Reclamation
=593  \\$fAgricola CAT
=650  \0$aInsect pests$vPictorial works.
=655  \3$aInternet resource.
=655  \7$aPictorial works.$2fast$0(OCoLC)fst01423874
=856  41$uhttps://archive.org/details/CAT10679130
=912  \\$analcatalog
=930  \\$a20160801$b20160805$c00000000
=945  \\$aDigiMet
=945  \\$p16
=946  \\$aUSDA
=994  \\$a92$bAGL

