=LDR  01138cam a2200361Mi 4500
=001  9915435469907426
=005  20240620162159.0
=008  910402q19291990ilu\\\\\\\\\\\000\0\eng\d
=016  7\$aCAT10679387$2DNAL
=035  \\$a501981
=035  \\$a(OCoLC)71025121
=035  \\$a(DNAL)501981-naldb-Voyager
=040  \\$aAGL$beng$cAGL$dOCLCO$dOCLCQ$dAGL
=049  \\$aRQIA
=070  0\$a1$bEc7Li
=072  \0$aQ002
=110  1\$aUnited States.$bBureau of Agricultural Economics.$bDivision of Livestock, Meats and Wool.
=245  10$aLamb chart ; identification, wholesale and retail cuts.
=260  \\$aChicago :$bNational Live Stock and Meat Board,$c[192-?]
=300  \\$a2 unnumbered pages
=336  \\$atext$btxt$2rdacontent
=337  \\$aunmediated$bn$2rdamedia
=338  \\$avolume$bnc$2rdacarrier
=591  \\$bNAL Reclamation
=593  \\$fAgricola CAT
=650  \3$ameat products.
=650  \3$aanimal-based foods.
=655  \3$aInternet resource.
=856  41$uhttps://archive.org/details/lambchartidentif00unit
=912  \\$analcatalog
=930  \\$a20140812$b20140905$c00000000
=945  \\$aDigiMet
=945  \\$p10
=946  \\$aOther US
=994  \\$a92$bAGL

