=LDR  01714cas a2200481 a 4500
=001  9915435472707426
=005  20240624172830.0
=008  001121d19141923dcuuu\\\\\\\\f0\\\\0eng\c
=010  \\$asn 87028253 
=012  \\$i8704
=016  7\$aCAT11088341$2DNAL
=019  \\$a491232187
=035  \\$a850285
=035  \\$a(OCoLC)15532261$z(OCoLC)491232187
=035  \\$a(DNAL)850285-naldb-Voyager
=035  \\$z(OCoLC)491232187
=040  \\$aNYG$beng$cNYG$dOCLCQ$dAGL$dOCLCF$dOCLCO$dAOW
=042  \\$apcc
=049  \\$aAGLL
=070  0\$a1$bC45
=110  1\$aUnited States.$bBureau of Chemistry.$0http://id.loc.gov/authorities/names/n80145303
=245  10$aService and regulatory announcements /$cU.S. Department of Agriculture, Bureau of Chemistry.
=246  13$aS.R.A.-Chem
=260  \\$a[Washington, D.C.] :$bThe Bureau,$c1914-
=300  \\$a28 v. ;$c24 cm.
=362  0\$a[No. 1] (Jan. 1914)-no. 28 (Feb. 14, 1923).
=555  \\$aNo. 1-24 issued in 1 v. dated Sept. 9, 1921.
=591  \\$bNAL Reclamation
=593  \\$fAgricola CAT
=650  \0$aFood adulteration and inspection$vPeriodicals.
=650  \0$aDrug adulteration$vPeriodicals.
=650  \0$aDrugs$xAnalysis$vPeriodicals.
=650  \2$aChemistry$xPeriodicals.
=655  \7$aPeriodicals.$2fast$0(OCoLC)fst01411641
=776  08$iOnline version:$aUnited States. Bureau of Chemistry.$tService and regulatory announcements$w(OCoLC)780430196
=850  \\$aDNAL$aN
=856  41$uhttps://archive.org/details/usda-serviceregulatoryannouncements
=912  \\$analcatalog
=930  \\$a20140521$b20140606$c00000000
=945  \\$aDigiMet
=945  \\$vpt. 1
=945  \\$p52
=945  \\$aDigiMet
=945  \\$vpt. 2
=945  \\$p272
=945  \\$aDigiMet
=945  \\$vpt. 3
=945  \\$p32
=945  \\$aDigiMet
=945  \\$vpt. 4
=945  \\$p28
=945  \\$aDigiMet
=945  \\$vpt. 5
=945  \\$p42
=945  \\$aDigiMet
=945  \\$vpt. 6
=945  \\$p32
=945  \\$aDigiMet
=945  \\$vpt. 7
=945  \\$p52
=945  \\$aDigiMet
=945  \\$vpt. 8
=945  \\$p14
=945  \\$aDigiMet
=945  \\$vpt. 9
=945  \\$p12
=946  \\$aUSDA
=959  \\$c2014-10-03$essouder$gurl
=959  \\$c2014-05-21$ergallett$gupgrade
=994  \\$a92$bAGL

