=LDR  01436cas a2200445Mi 4500
=001  9915435474707426
=005  20240624172829.0
=008  001121u1901uuuudcuuu\\\\\\\\f0\\\\0eng\d
=010  \\$a   07027721 
=016  7\$aCAT11088166$2DNAL
=035  \\$a850302
=035  \\$a(OCoLC)475911283
=035  \\$a(DNAL)850302-naldb-Voyager
=040  \\$aNHi$beng$cN15$dOCLCQ$dOCLCF$dOCLCO$dOCLCQ$dSFR$dOCLCA$dAGL
=043  \\$an-us-hi
=049  \\$aRQIC
=050  00$aS399$b.E7
=070  0\$a1$bEx63H
=086  0\$aA 10.9/1:
=110  2\$aHawaii Agricultural Experiment Station.$0http://id.loc.gov/authorities/names/n79124713
=245  10$aAnnual report.
=260  \\$a[Washington],$c[1901]-
=300  \\$apages ;$c24 cm
=336  \\$atext$btxt$2rdacontent
=337  \\$aunmediated$bn$2rdamedia
=338  \\$avolume$bnc$2rdacarrier
=515  \\$aReport year ends June 30.
=591  \\$bNAL Reclamation
=593  \\$fAgricola CAT
=650  \0$aAgriculture$zHawaii.
=651  \7$aHawaii.$2fast$0(OCoLC)fst01208724
=655  \3$aInternet resource.
=700  1\$aSmith, Jared G.$q(Jared Gage),$d1866-1957.$0http://id.loc.gov/authorities/names/no97037375
=856  41$uhttps://archive.org/details/usda-experimentstationpublications
=912  \\$analcatalog
=930  \\$a20140812$b20140905$c00000000
=939  \\$a20140314$b20140404$c00000000
=945  \\$aDigiMet
=945  \\$vpt. 1
=945  \\$p160
=945  \\$aDigiMet
=945  \\$vpt. 2
=945  \\$p44
=945  \\$aDigiMet
=945  \\$vpt. 3
=945  \\$p50
=945  \\$aDigiMet
=945  \\$vpt. 4
=945  \\$p44
=945  \\$aDigiMet
=945  \\$vpt. 5
=945  \\$p34
=945  \\$aDigiMet
=945  \\$vpt. 6
=945  \\$p80
=945  \\$aDigiMet
=945  \\$vpt. 7
=945  \\$p108
=945  \\$aDigiMet
=945  \\$vpt. 8
=945  \\$p116
=945  \\$aDigiMet
=945  \\$vpt. 9
=945  \\$p104
=945  \\$aDigiMet
=945  \\$vpt. 10
=945  \\$p96
=945  \\$aDigiMet
=945  \\$vpt. 11
=945  \\$p88
=945  \\$aDigiMet
=945  \\$vpt. 12
=945  \\$p80
=945  \\$aDigiMet
=945  \\$vpt. 13
=945  \\$p106
=945  \\$aDigiMet
=945  \\$vpt. 14
=945  \\$p64
=945  \\$aDigiMet
=945  \\$vpt. 15
=945  \\$p84
=945  \\$aDigiMet
=945  \\$vpt. 16
=945  \\$p90
=945  \\$aDigiMet
=945  \\$vpt. 17
=945  \\$p60
=945  \\$aDigiMet
=945  \\$vpt. 18
=945  \\$p72
=945  \\$aDigiMet
=945  \\$vpt. 19
=945  \\$p74
=945  \\$aDigiMet
=945  \\$vpt. 20
=945  \\$p90
=945  \\$aDigiMet
=945  \\$vpt. 21
=945  \\$p90
=945  \\$aDigiMet
=945  \\$vpt. 22
=945  \\$p92
=945  \\$aDigiMet
=945  \\$vpt. 23
=945  \\$p42
=945  \\$aDigiMet
=945  \\$vpt. 24
=945  \\$p26
=945  \\$aDigiMet
=945  \\$vpt. 25
=945  \\$p32
=945  \\$aDigiMet
=945  \\$vpt. 26
=945  \\$p32
=945  \\$aDigiMet
=945  \\$vpt. 27
=945  \\$p40
=945  \\$aDigiMet
=945  \\$vpt. 28
=945  \\$p38
=945  \\$aDigiMet
=945  \\$vpt. 29
=945  \\$p36
=945  \\$aDigiMet
=945  \\$vpt. 30
=945  \\$p40
=945  \\$aDigiMet
=945  \\$vpt. 31
=945  \\$p44
=945  \\$aDigiMet
=945  \\$vpt. 32
=945  \\$p44
=945  \\$aDigiMet
=945  \\$vpt. 33
=945  \\$p30
=945  \\$aDigiMet
=945  \\$vpt. 34
=945  \\$p34
=945  \\$aDigiMet
=945  \\$vpt. 35
=945  \\$p40
=945  \\$aDigiMet
=945  \\$vpt. 36
=945  \\$p34
=945  \\$aDigiMet
=945  \\$vpt. 37
=945  \\$p110
=945  \\$aDigiMet
=945  \\$vpt. 38
=945  \\$p128
=945  \\$aDigiMet
=945  \\$vpt. 39
=945  \\$p112
=945  \\$aDigiMet
=945  \\$vpt. 40
=945  \\$p98
=945  \\$aDigiMet
=945  \\$vpt. 41
=945  \\$p104
=946  \\$aUSDA
=959  \\$c2014-03-14$ejgilbert$gsubjadd
=994  \\$a92$bAGL

