=LDR  01681cas a2200469Ma 4500
=001  9915435487607426
=005  20240624172835.0
=008  001121d19uu19uudcuuu\\\\\\\\f0\\\\0eng\d
=016  7\$aCAT11088198$2DNAL
=035  \\$a850320
=035  \\$a(OCoLC)1289099196
=035  \\$a(DNAL)850320-naldb-Voyager
=040  \\$aAGL$beng$cAGL
=049  \\$aRQIC
=070  0\$a1$bEn82C
=110  1\$aUnited States.$bDivision of Entomology.
=245  10$aCircular.
=246  1\$iReferred to in bibliographic literature as:$aCircular [first series]
=246  1\$iTitle varies, no. 1-8 have title:$aSilk-culture circular
=246  1\$iTitle varies, no. 9, 12-15, 19, 21, 25:$aCircular
=246  1\$iTitle varies, no. 10-11, 16-17, 18, 20, 22, 24:$aDivision of entomology, Circular
=246  1\$iTitle varies, no. 17, 26, 28-29, 41-43:$aDiv. ent.
=246  1\$iTitle varies, no. 49:$aEnt.
=260  \\$a[Washington.
=300  \\$a44 nos. ;$c21-36 cm.
=362  0\$aNo. 1-49.
=362  1\$aCeased. No more published?.
=550  \\$aNos. 1-8 issued by U.S. Dept. of agriculture; nos. 9-49, by U.S. Dept. of agriculture, Division of entomology.
=591  \\$bNAL Reclamation
=593  \\$fAgricola CAT
=651  \3$aUnited States.
=655  \3$aInternet resource.
=710  1\$aUnited States.$bDepartment of Agriculture.
=710  12$aUnited States.$bBureau of Entomology.$tCircular.
=856  41$uhttps://archive.org/details/usda-circularentomology
=912  \\$analcatalog
=930  \\$a20141002$b00000000$c00000000
=945  \\$aDigiMet
=945  \\$p6
=945  \\$aDigiMet
=945  \\$p14
=945  \\$aDigiMet
=945  \\$p12
=945  \\$aDigiMet
=945  \\$p14
=945  \\$aDigiMet
=945  \\$p14
=945  \\$aDigiMet
=945  \\$p18
=945  \\$aDigiMet
=945  \\$p14
=945  \\$aDigiMet
=945  \\$p8
=945  \\$aDigiMet
=945  \\$p14
=945  \\$aDigiMet
=945  \\$p6
=945  \\$aDigiMet
=945  \\$p14
=945  \\$aDigiMet
=945  \\$p22
=945  \\$aDigiMet
=945  \\$p6
=945  \\$aDigiMet
=945  \\$p16
=945  \\$aDigiMet
=945  \\$p14
=945  \\$aDigiMet
=945  \\$p6
=945  \\$aDigiMet
=945  \\$p14
=945  \\$aDigiMet
=945  \\$p14
=945  \\$aDigiMet
=945  \\$p18
=945  \\$aDigiMet
=945  \\$p8
=945  \\$aDigiMet
=945  \\$p12
=945  \\$aDigiMet
=945  \\$p14
=945  \\$aDigiMet
=945  \\$p14
=945  \\$aDigiMet
=945  \\$p6
=945  \\$aDigiMet
=945  \\$p16
=945  \\$aDigiMet
=945  \\$p14
=945  \\$aDigiMet
=945  \\$p14
=945  \\$aDigiMet
=945  \\$p14
=945  \\$aDigiMet
=945  \\$p14
=945  \\$aDigiMet
=945  \\$p16
=945  \\$aDigiMet
=945  \\$p14
=945  \\$aDigiMet
=945  \\$p14
=945  \\$aDigiMet
=945  \\$p6
=945  \\$aDigiMet
=945  \\$p8
=945  \\$aDigiMet
=945  \\$p14
=946  \\$aUSDA
=959  \\$c2013-05-20$essouder$gurl
=959  \\$c2013-04-02$essouder$gap
=959  \\$c2014-10-02$earojas$gap
=994  \\$a92$bAGL

