=LDR  02285cas a2200565 a 4500
=001  9915435520507426
=005  20240624172831.0
=008  001121d19221933dcuwr\p\\\\\\f0\\\a0eng\c
=010  \\$aagr22000146 $zsn 86033986 
=016  7\$aCAT11088387$2DNAL
=019  \\$a145252269$a830846020$a1139369481
=035  \\$a850024
=035  \\$a(OCoLC)01550966$z(OCoLC)145252269$z(OCoLC)830846020$z(OCoLC)1139369481
=035  \\$a(DNAL)850024-naldb-Voyager
=035  \\$z(OCoLC)145252269$z(OCoLC)830846020$z(OCoLC)1139369481
=040  \\$aFUL$beng$cFUL$dIUL$dNYG$dOCL$dDLC$dCZL$dFUG$dOCLCQ$dAGL$dOCLCA$dOCLCQ$dOCLCA$dOCLCF$dOCLCO$dOCLCA
=042  \\$apcc
=043  \\$an-us---
=049  \\$aAGLL
=050  00$aS21$b.A3
=070  0\$a1$bAg84Or
=086  0\$aA 1.33:
=110  1\$aUnited States.$bDepartment of Agriculture.
=245  14$aThe Official record of the United States Department of Agriculture.
=246  17$aOfficial record
=260  \\$aWashington, D.C. :$b[G.P.O.],$c1922-1933.
=300  \\$a12 volumes ;$c28-30 cm
=310  \\$aWeekly
=336  \\$atext$btxt$2rdacontent
=337  \\$aunmediated$bn$2rdamedia
=338  \\$avolume$bnc$2rdacarrier
=362  0\$aVol. 1, no. 1 (Jan. 4, 1922)-v. 12., no. 26 (July 1, 1933).
=550  \\$aIssued by: -1933, Press Service, Office of Information, United States Department of Agriculture.
=591  \\$bNAL Reclamation
=593  \\$fAgricola CAT
=610  10$aUnited States.$bDepartment of Agriculture$vPeriodicals.
=610  17$aUnited States.$bDepartment of Agriculture$2fast$0(OCoLC)fst01852329
=655  \3$aInternet resource.
=655  \7$aPeriodicals.$2fast$0(OCoLC)fst01411641
=710  1\$aUnited States.$bDepartment of Agriculture.$bPress Service.
=776  08$iOnline version:$aUnited States. Department of Agriculture.$tOfficial record of the United States Department of Agriculture$w(OCoLC)693740440
=780  00$tWeekly news letter (United States. Department of Agriculture)$w(DLC)sn 86033970$w(OCoLC)14138773
=850  \\$aDLC$aN
=856  41$uhttps://archive.org/details/usda-weeklynewsletter
=912  \\$analcatalog
=930  \\$a20140305$b00000000$c00000000
=945  \\$aDigiMet
=945  \\$p442
=945  \\$aDigiMet
=945  \\$p444
=945  \\$aDigiMet
=945  \\$p436
=945  \\$aDigiMet
=945  \\$p458
=945  \\$aDigiMet
=945  \\$p476
=945  \\$aDigiMet
=945  \\$p122
=945  \\$aDigiMet
=945  \\$p424
=945  \\$aDigiMet
=945  \\$p280
=945  \\$aDigiMet
=945  \\$p444
=945  \\$aDigiMet
=945  \\$p454
=945  \\$aDigiMet
=945  \\$p450
=945  \\$aDigiMet
=945  \\$p448
=946  \\$aUSDA
=959  \\$c2013-04-02$essouder$gap
=959  \\$c2012-12-12$ergallett$gupgrade
=994  \\$a92$bAGL

