=LDR  01746cas a2200469   4500
=001  9915435614807426
=005  20240624173825.0
=008  001121d193819uudcuuu\\\\\\\\\0\\\\0eng\d
=016  7\$aCAT11088344$2DNAL
=035  \\$a850379
=035  \\$a(OCoLC)40367594
=035  \\$a(DNAL)850379-naldb-Voyager
=040  \\$aCGU$beng$cCGU$dOCLCF$dAGL$dOCLCA$dOCL$dBRL$dOCLCQ
=043  \\$an-us---
=049  \\$aAGLL
=050  \0$aTP977$b.U3
=070  0\$a1$bF732Sn
=110  1\$aUnited States.$bFood and Drug Administration.$0http://id.loc.gov/authorities/names/n80126147
=245  10$aService and regulatory announcements.$pNaval stores ...
=246  30$aNaval stores
=246  1\$iAt head of title:$aS.R.A., N.S. no. 1- ... United States Department of Agriculture. Food and Drug Administration
=260  \\$a[Washington]$b[U.S. Govt. Print. Off.],$c[1938]-
=300  \\$avolumes$c23 cm
=336  \\$atext$btxt$2rdacontent
=337  \\$aunmediated$bn$2rdamedia
=338  \\$avolume$bnc$2rdacarrier
=362  0\$ano. 1- July 1938-
=362  1\$aCeased.
=530  \\$aAlso issued online.
=591  \\$bNAL Reclamation
=593  \\$fAgricola CAT
=650  \0$aNaval stores$zUnited States$vPeriodicals.
=651  \7$aUnited States.$2fast$0(OCoLC)fst01204155
=655  \7$aPeriodicals.$2fast$0(OCoLC)fst01411641
=776  08$iOnline version:$aUnited States. Food and Drug Administration.$tService and regulatory announcements. Naval stores ...$w(OCoLC)555459355
=856  41$uhttps://archive.org/details/usda-serviceregulatoryannouncements
=912  \\$analcatalog
=930  \\$a20140521$b20140606$c00000000
=945  \\$aDigiMet
=945  \\$vpt. 1
=945  \\$p20
=946  \\$aUSDA
=959  \\$c2014-10-03$essouder$gurl
=959  \\$c2014-05-21$ergallett$gupgrade
=994  \\$a92$bAGL

