=LDR  01256cam a2200361Mi 4500
=001  9915435619107426
=005  20240620162336.0
=008  910402s1958\\\\dcua\\\\\\\\\f000\0\eng\d
=016  7\$aCAT10679129$2DNAL
=035  \\$a501723
=035  \\$a(OCoLC)21785562
=035  \\$a(DNAL)501723-naldb-Voyager
=040  \\$aCUY$beng$cCUY$dOCLCQ$dAGL$dCRU$dOCLCQ$dOCLCO
=049  \\$aRQIA
=050  10$aSB823$b.U565 1958
=070  0\$aA423$bR316C 1958
=072  \0$aX300
=110  1\$aUnited States.$bPlant Pest Control Division.$0http://id.loc.gov/authorities/names/n82115279
=245  10$aCooperative economic insect report, survey methods.
=260  \\$aWashington :$bPlant Pest Control Division, Agricultural Research Service, U.S. Dept. of Agriculture,$c1958.
=300  \\$a85 pages :$billustrations ;$c27 cm
=336  \\$atext$btxt$2rdacontent
=337  \\$aunmediated$bn$2rdamedia
=338  \\$avolume$bnc$2rdacarrier
=591  \\$bNAL Reclamation
=593  \\$fAgricola CAT
=650  \0$aInsects, Injurious and beneficial$xCollection and preservation.
=655  \3$aInternet resource.
=856  41$uhttps://archive.org/details/CAT10679129
=912  \\$analcatalog
=930  \\$a20160801$b20160805$c00000000
=945  \\$aDigiMet
=945  \\$p104
=946  \\$aUSDA
=994  \\$a92$bAGL

