=LDR  01888cas a2200541 a 4500
=001  9915435628507426
=005  20240624173827.0
=008  001121d19141939dcu\x\\\\\\\\f0\\\\0eng\c
=010  \\$asn 86033869 
=012  \\$i8608
=016  7\$aCAT11088339$2DNAL
=019  \\$a835630565
=035  \\$a850284
=035  \\$a(OCoLC)12900129$z(OCoLC)835630565
=035  \\$a(DNAL)850284-naldb-Voyager
=035  \\$z(OCoLC)835630565
=040  \\$aVXG$beng$cVXG$dNYG$dDLC$dOCLCQ$dOCLCF$dAGL$dOCLCQ$dFUG
=042  \\$apcc
=043  \\$an-us---
=049  \\$aAGLL
=050  \0$aSB19$b.A36
=070  0\$a1$bP69R
=110  1\$aUnited States.$bBureau of Plant Industry.$0http://id.loc.gov/authorities/names/n80145310
=245  10$aService and regulatory announcements /$cU.S. Department of Agriculture, Bureau of Plant Industry.
=246  13$aService and regulatory announcement
=246  13$aS.R.A.--B.P.I.
=246  13$aSRA--BPI
=260  \\$a[Washington] :$b[G.P.O.],$c[1914]-
=300  \\$avolumes ;$c23 cm
=336  \\$atext$btxt$2rdacontent
=337  \\$aunmediated$bn$2rdamedia
=338  \\$avolume$bnc$2rdacarrier
=362  0\$aS.R.A.--B.P.I. 1 (Apr. 1914)-
=362  1\$aCeased with no. 24 (Jan. 1939).
=591  \\$bNAL Reclamation
=593  \\$fAgricola CAT
=650  \0$aSeeds$xLaw and legislation$zUnited States$vPeriodicals.
=651  \7$aUnited States.$2fast$0(OCoLC)fst01204155
=655  \7$aPeriodicals.$2fast$0(OCoLC)fst01411641
=776  08$iOnline version:$aUnited States. Bureau of Plant Industry.$tService and regulatory announcements$w(OCoLC)626255126
=850  \\$aDNAL$aN
=856  41$uhttps://archive.org/details/usda-serviceregulatoryannouncements
=912  \\$analcatalog
=930  \\$a20140522$b20140606$c00000000
=945  \\$aDigiMet
=945  \\$vpt. 1
=945  \\$p12
=945  \\$aDigiMet
=945  \\$vpt. 2
=945  \\$p12
=945  \\$aDigiMet
=945  \\$vpt. 3
=945  \\$p12
=945  \\$aDigiMet
=945  \\$vpt. 4
=945  \\$p6
=945  \\$aDigiMet
=945  \\$vpt. 5
=945  \\$p6
=945  \\$aDigiMet
=945  \\$vpt. 6
=945  \\$p8
=945  \\$aDigiMet
=945  \\$vpt. 7
=945  \\$p6
=945  \\$aDigiMet
=945  \\$vpt. 8
=945  \\$p6
=945  \\$aDigiMet
=945  \\$vpt. 9
=945  \\$p18
=945  \\$aDigiMet
=945  \\$vpt. 10
=945  \\$p6
=945  \\$aDigiMet
=945  \\$vpt. 11
=945  \\$p6
=945  \\$aDigiMet
=945  \\$vpt. 12
=945  \\$p22
=945  \\$aDigiMet
=945  \\$vpt. 13
=945  \\$p8
=945  \\$aDigiMet
=945  \\$vpt. 14
=945  \\$p6
=945  \\$aDigiMet
=945  \\$vpt. 15
=945  \\$p18
=945  \\$aDigiMet
=945  \\$vpt. 16
=945  \\$p8
=945  \\$aDigiMet
=945  \\$vpt. 17
=945  \\$p12
=945  \\$aDigiMet
=945  \\$vpt. 18
=945  \\$p28
=945  \\$aDigiMet
=945  \\$vpt. 19
=945  \\$p18
=945  \\$aDigiMet
=945  \\$vpt. 20
=945  \\$p10
=946  \\$aUSDA
=959  \\$c2014-10-03$essouder$gurl
=959  \\$c2014-05-22$ergallett$gupgrade
=994  \\$a92$bAGL

