=LDR  02022cam a22004811  4500
=001  9915436986807426
=005  20240624173932.0
=008  920620s1920\\\\ilua\\\\\\\\\\000\0\eng\\
=010  \\$a   20008062 
=016  7\$aCAT10507208$2DNAL
=035  \\$a410416
=035  \\$a(OCoLC)08064051
=035  \\$a(DNAL)410416-naldb-Voyager
=040  \\$aDLC$beng$cDLC$dWEA$dAGL$dKRTAS$dOCLCQ$dOCLCF$dOCLCO$dOCLCQ
=042  \\$apremarc
=049  \\$aRQIA
=050  00$aSF487$b.J145
=070  0\$a47$bJ12P
=072  \0$aL100
=072  \0$aL200
=100  1\$aJackson, Homer W.$q(Homer Wesley),$d1870-
=245  10$aProfitable culling and selective flock breeding;$bcomplete details regarding the latest approved methods for culling, or the selection of layers, simple and practical instructions for securing permanent improvement in egg production in any flock,$ccompiled by Homer W. Jackson and Grant M. Curtis.
=260  \\$aQuincy, Ill.,$bReliable Poultry Journal Pub. Co.$c[©1920]
=300  \\$a118 pages$billustrations (some color), diagrams$c30 cm
=336  \\$atext$btxt$2rdacontent
=337  \\$aunmediated$bn$2rdamedia
=338  \\$avolume$bnc$2rdacarrier
=530  \\$aAlso available in digital form on the Internet Archive Web site.
=591  \\$bNAL Reclamation
=593  \\$fAgricola CAT
=650  \0$aPoultry.$0http://id.loc.gov/authorities/subjects/sh85105892
=655  \3$aInternet resource.
=700  1\$aCurtis, Grant M.,$ecompiler.
=776  08$iOnline version:$aJackson, Homer W. (Homer Wesley), 1870-$tProfitable culling and selective flock breeding.$dQuincy, Ill., Reliable Poultry Journal Pub. Co. [©1920]$w(OCoLC)894793570
=856  41$uhttps://archive.org/details/profitablecullin00jack_0
=912  \\$analcatalog
=930  \\$a20160525$b20160603$c00000000
=938  \\$aKirtas Technologies, Inc.$bKRTS$n682206
=939  \\$a20140702$b20140807$c00000000
=939  \\$a20130417$b20130503$c00000000
=945  \\$aDigiMet
=945  \\$p128
=946  \\$aOther US
=959  \\$c2013-04-17$essouder$gde
=994  \\$a92$bAGL

