=LDR  02210cam a2200541Ia 4500
=001  9915437007307426
=005  20240624173932.0
=008  010129s1999\\\\dcua\\\\\b\\\f000\0\eng\\
=016  7\$aCAT11092788$2DNAL
=035  \\$a864030
=035  \\$a(OCoLC)45725532
=035  \\$a(DNAL)864030-naldb-Voyager
=040  \\$aAGL$beng$cAGL$dOCLCQ$dOCLCO$dOCLCA$dOCLCF$dOCLCO$dOCLCA$dUAB$dAGL
=043  \\$an-us---
=049  \\$aAGLL
=070  0\$a1$bAg84M no. 1559
=072  \0$aX700
=245  00$aEmployee survey on disability issues :$bemployment and service delivery results at USDA.
=246  30$aEmployment and service delivery results at USDA
=260  \\$a[Washington, D.C.?] :$bU.S. Dept. of Agriculture, Secretary's Advisory Committee for Employees with Disabilities,$c[1999]
=300  \\$aiii, 45 pages :$bcolor illustrations ;$c28 cm.
=336  \\$atext$btxt$2rdacontent
=337  \\$aunmediated$bn$2rdamedia
=338  \\$avolume$bnc$2rdacarrier
=490  1\$aMP ;$v1559
=504  \\$aIncludes bibliographical references (page 25).
=530  \\$aAlso available on the Internet
=591  \\$bNAL Reclamation
=593  \\$fAgricola CAT
=610  10$aUnited States.$bDepartment of Agriculture$xEmployees.
=610  17$aUnited States.$bDepartment of Agriculture$2fast$0(OCoLC)fst01852329
=650  \0$aPeople with disabilities$xEmployment$zUnited States.
=651  \7$aUnited States.$2fast$0(OCoLC)fst01204155
=655  \3$aInternet resource.
=710  1\$aUnited States.$bDepartment of Agriculture.$bSecretary's Advisory Committee for Employees with Disabilities.$0http://id.loc.gov/authorities/names/n98105403
=830  \0$aMiscellaneous publication (United States. Department of Agriculture) ;$vno.
=856  41$uhttps://archive.org/details/employeesurveyon1559unit
=912  \\$analcatalog
=930  \\$a20140305$b20140404$c00000000
=939  \\$a20110506$b20110603$c00000000
=939  \\$a20070525$b20070602$c00000000
=939  \\$a20051017$b20051102$c00000000
=939  \\$a20010204$b20010209$c00000000
=945  \\$dML$e2001/01/16$fAR$g2001/01/29$n1
=945  \\$p60
=945  \\$aDigiMet
=946  \\$aUSDA
=959  \\$c2013-04-02$essouder$gap
=959  \\$c2011-05-06$epgraves$gac
=994  \\$a92$bAGL

