=LDR  02252cam a2200553Ia 4500
=001  9915437035107426
=005  20240620133834.0
=008  800401s1966\\\\utu\\\\\\b\\\f000\0\eng\d
=016  7\$aCAT10234049$2DNAL
=035  \\$a207182
=035  \\$a(OCoLC)32214646
=035  \\$a(DNAL)207182-naldb-Voyager
=040  \\$aSDB$beng$cSDB$dNUI$dOCLCQ$dOCLCF$dAGM$dOCLCA$dAGL
=043  \\$an-us-mt
=049  \\$aAGLL
=070  \\$aA99.9$bF764Un no. 51
=072  \0$a4500
=086  0\$aA 13.79:INT-51
=100  1\$aJohnson, Philip C.$q(Philip Cornwell)
=245  10$aSome causes of natural tree mortality in old-growth ponderosa pine stands in western Montana /$cPhilip C. Johnson.
=260  \\$aOgden, Utah :$bU.S. Dept. of Agriculture, Forest Service, Intermountain Forest & Range Experiment Station,$c1966.
=300  \\$a4 pages ;$c27 cm.
=336  \\$atext$btxt$2rdacontent
=337  \\$aunmediated$bn$2rdamedia
=338  \\$avolume$bnc$2rdacarrier
=490  1\$aU.S. Forest Service research note INT ;$v51
=504  \\$aIncludes bibliographical references.
=591  \\$bNAL Reclamation
=593  \\$fAgricola CAT
=650  \0$aPonderosa pine$xDiseases and pests$zMontana.
=650  \0$aPonderosa pine$xClimatic factors$zMontana.
=650  \0$aPonderosa pine$zMontana.
=650  \3$aPinus ponderosa.
=650  \3$amortality.
=650  \3$aNeophasia menapia.
=650  \3$aDendroctonus brevicomis.
=650  \3$aIps pini.
=650  \3$aMelanophila californica.
=651  \3$aMontana.
=651  \7$aMontana.$2fast$0(OCoLC)fst01207555
=655  \3$aInternet resource.
=710  2\$aIntermountain Forest and Range Experiment Station (Ogden, Utah)$0http://id.loc.gov/authorities/names/n79062786
=776  08$iOnline version:$aJohnson, Philip C. (Philip Cornwell).$tSome causes of natural tree mortality in old-growth ponderosa pine stands in western Montana.$dOgden, Utah : U.S. Dept. of Agriculture, Forest Service, Intermountain Forest & Range Experiment Station, 1966$w(OCoLC)630468550
=830  \0$aU.S. Forest Service research note INT ;$v51.
=856  41$uhttps://archive.org/details/somecausesofnatu51john
=912  \\$analcatalog
=930  \\$a20140604$b00000000$c00000000
=945  \\$aDigiMet
=945  \\$p8
=946  \\$aUSDA
=994  \\$a92$bAGL

