=LDR  01691cam a2200457Ia 4500
=001  9915437043907426
=005  20240624173927.0
=008  800401s1969\\\\orua\\\\\\\\\f000\0\eng\d
=016  7\$aCAT10246822$2DNAL
=035  \\$a207877
=035  \\$a(OCoLC)60689246
=035  \\$a(DNAL)207877-naldb-Voyager
=040  \\$aORE$beng$cORE$dOCLCO$dOCLCQ$dSEA$dOCLCF$dAGM$dWURST$dAGL
=049  \\$aAGLL
=050  \0$aSD143$b.U51 no.97
=070  \\$aA99.9$bF7625U no. 97
=072  \0$a4500
=086  0\$aA 13.79:PNW-97
=100  1\$aBruce, David,$d1916-$0http://id.loc.gov/authorities/names/no90018861
=245  10$aCharts for determining sampling rate and number in sample /$cby David Bruce.
=260  \\$a[Portland, Or.] :$bPacific Northwest Forest and Range Experiment Station,$c[1969]
=300  \\$a6 pages :$billustrations ;$c28 cm.
=336  \\$atext$btxt$2rdacontent
=337  \\$aunmediated$bn$2rdamedia
=338  \\$avolume$bnc$2rdacarrier
=490  1\$aU.S.D.A. Forest Service research note ;$vPNW-97
=591  \\$bNAL Reclamation
=593  \\$fAgricola CAT
=650  \0$aSampling.$0http://id.loc.gov/authorities/subjects/sh85117055
=650  \0$aForests and forestry$xSampling.
=650  \3$asampling.
=650  \3$adata collection.
=655  \3$aInternet resource.
=710  2\$aPacific Northwest Forest and Range Experiment Station (Portland, Or.)$0http://id.loc.gov/authorities/names/n80126131
=830  \0$aUSDA Forest Service research note PNW ;$v97.
=856  41$uhttps://archive.org/details/chartsfordetermi97bruc
=912  \\$analcatalog
=930  \\$a20140506$b00000000$c00000000
=945  \\$aDigiMet
=945  \\$p10
=946  \\$aUSDA
=959  \\$c2014-05-06$earojas$gap
=994  \\$a92$bAGL

