=LDR  01202cam a22003733  4500
=001  9915437094107426
=005  20240624173936.0
=008  800401s1966\\\\dcu\\\\\\\\\\f000\0\eng\d
=016  7\$aCAT10234229$2DNAL
=035  \\$a207534
=035  \\$a(OCoLC)1084305753
=035  \\$a(DNAL)207534-naldb-Voyager
=040  \\$aGPO$beng$cGPO$dOCLCO$dOCLCF$dAGL
=049  \\$aAGLL
=070  \\$aA281.9$bF76Fm no. 140 1966
=072  \0$a1500
=086  0\$aA 67.26:140/2
=245  00$aCanadian wheat marketing /$c[by Gordon Lloyd].
=250  \\$aRev. [ed.].
=260  \\$a[Washington, D.C.,$c1966]
=300  \\$aii, 14 p. :$bill.
=490  0\$a[Foreign Agricultural Service, miscellaneous] FAS-M (series) ;$v140
=591  \\$bNAL Reclamation
=593  \\$fAgricola CAT
=650  \0$aWheat trade$zCanada.
=651  \7$aCanada.$2fast$0(OCoLC)fst01204310
=655  \3$aInternet resource.
=710  1\$aUnited States.$bForeign Agricultural Service.$0http://id.loc.gov/authorities/names/n80126196
=856  41$uhttps://archive.org/details/canadianwheatmar140lloy
=912  \\$analcatalog
=930  \\$a20140306$b20140404$c00000000
=945  \\$aDigiMet
=945  \\$p20
=946  \\$aUSDA
=959  \\$c2014-03-06$earojas$gap
=994  \\$a92$bAGL

