=LDR  01143cam a2200349M  4500
=001  9915437113507426
=005  20240624173939.0
=008  800401s1968\\\\pau\\\\\\\\\\\000\0\eng\d
=016  7\$aCAT10246694$2DNAL
=035  \\$a207630
=035  \\$a(OCoLC)1289125965
=035  \\$a(DNAL)207630-naldb-Voyager
=040  \\$aAGL$beng$cAGL
=049  \\$aAGLL
=070  \\$aA99.9$bF7622U no. 87
=072  \0$a7000
=100  1\$aBerry, Frederick H.,$d1921-
=245  10$aSpread of Fomes annosus root rot in thinned shortleaf pine plantations.
=260  \\$aUpper Darby, Pa.,$c1968.
=300  \\$a3 p.
=490  1\$aU.S. Forest Service. Northeastern Forest Experiment Station. U.S. Forest Service research note NE-87
=591  \\$bNAL Reclamation
=593  \\$fAgricola CAT
=655  \3$aInternet resource.
=810  2\$aUnited States.$bForest Service.$tU.S. Forest Service research note NE.$v87.
=856  41$uhttps://archive.org/details/spreadoffomesann87berr
=912  \\$analcatalog
=930  \\$a20140116$b00000000$c00000000
=945  \\$aDigiMet
=945  \\$p12
=946  \\$aUSDA
=959  \\$c2014-01-15$essouder$gurl
=959  \\$c2014-01-16$earojas$gap
=994  \\$a92$bAGL

