=LDR  01363cam a2200409M  4500
=001  9915437125807426
=005  20240624173934.0
=008  800401s1964\\\\dcu\\\\\\\\\\\000\0\eng\d
=016  7\$aCAT10234093$2DNAL
=035  \\$a207264
=035  \\$a(OCoLC)1289010317
=035  \\$a(DNAL)207264-naldb-Voyager
=040  \\$aAGL$beng$cAGL
=049  \\$aAGLL
=070  \\$aaZ5074.S7K4$b1964
=072  \0$a7500
=100  1\$aKellogg, Charles E.$q(Charles Edwin),$d1902-1980.
=245  10$aReading for soil scientists, together with a library.
=250  \\$aRev. April 1964.
=260  \\$a[Washington]$bU.S. Dept. of Agriculture, Soil Conservation Service$c[1964]
=300  \\$a19 p.
=591  \\$bNAL Reclamation
=593  \\$fAgricola CAT
=650  \0$aSoil science$vBibliography.
=650  \0$aBooks and reading.
=655  \3$aInternet resource.
=710  1\$aUnited States.$bSoil Conservation Service.
=710  1\$aUnited States.$bBureau of Plant Industry.$bSoil Survey Division.$tLibrary for a soil scientist.
=856  41$uhttps://archive.org/details/readingforsoilsc1964kell
=912  \\$analcatalog
=930  \\$a20190522$b20190604$c00000000
=939  \\$a20140812$b20140905$c00000000
=939  \\$a20130715$b20130906$c00000000
=945  \\$aDigiMet
=945  \\$p30
=946  \\$aUSDA
=959  \\$c2013-07-15$edcollins$gap
=959  \\$c2019-05-22$ergallett$gap
=994  \\$a92$bAGL

