=LDR  01699cam a2200469 a 4500
=001  9915437128407426
=005  20240624173936.0
=008  800401s1967\\\\dcu\\\\\\b\\\f000\0\eng\d
=016  7\$aCAT10246766$2DNAL
=035  \\$a207768
=035  \\$a(OCoLC)840842107
=035  \\$a(DNAL)207768-naldb-Voyager
=040  \\$aMUU$beng$cMUU$dOCLCO$dOCLCF$dOCLCQ$dOCLCA$dOCLCQ$dAGL
=049  \\$aAGLL
=070  0\$aA381$bR31 no. 58
=072  \0$a7000
=086  0\$aA 77.15:ARS-72-58
=110  1\$aUnited States.$bAgricultural Research Service.
=245  12$aA study of possible toxic effects of carbamate finishing agents.
=260  \\$a[Washington, D.C.] :$bU.S. Dept. of Agriculture, Agricultural Research Service,$c1967.
=300  \\$ai, 17 pages ;$c27 cm
=336  \\$atext$btxt$2rdacontent
=337  \\$aunmediated$bn$2rdamedia
=338  \\$avolume$bnc$2rdacarrier
=490  1\$aARS ;$v72-58
=504  \\$aIncludes bibliographical references (page 11).
=591  \\$bNAL Reclamation
=593  \\$fAgricola CAT
=650  \0$aCarbamates.$0http://id.loc.gov/authorities/subjects/sh85020069
=650  \0$aCarcinogenicity testing.$0http://id.loc.gov/authorities/subjects/sh85020156
=655  \3$aInternet resource.
=830  \0$aARS (Series) (United States. Agricultural Research Service) ;$v72-58.
=856  41$uhttps://archive.org/details/studyofpossiblet7258boot
=912  \\$analcatalog
=930  \\$a20140115$b20140207$c00000000
=939  \\$a20130315$b20130404$c00000000
=945  \\$aDigiMet
=945  \\$p24
=946  \\$aUSDA
=959  \\$c2014-01-15$essouder$gurl
=959  \\$c2013-03-15$ejgilbert$gsubjadd
=959  \\$c2013-03-15$ejgilbert$gaccadd
=959  \\$c2013-03-15$ejgilbert$gde
=994  \\$a92$bAGL

