=LDR  02169cam a2200553Ia 4500
=001  9915437131607426
=005  20240624173929.0
=008  800401s1968\\\\oru\\\\\\b\\\f000\0\eng\d
=016  7\$aCAT10246762$2DNAL
=035  \\$a207761
=035  \\$a(OCoLC)32832407
=035  \\$a(DNAL)207761-naldb-Voyager
=040  \\$aSDB$beng$cSDB$dOCL$dRLA$dOCLCA$dNUI$dOCLCQ$dOCLCF$dOCLCQ$dSEA$dOCLCO$dAGM$dWURST$dOCL$dAGL
=043  \\$an-us-ak
=049  \\$aAGLL
=050  \0$aSD11$b.A456132 no. 91
=070  \\$aA99.9$bF7625U no. 91
=072  \0$a4500
=086  0\$aA 13.79:PNW-91
=100  1\$aBones, James T.$0http://id.loc.gov/authorities/names/n50042086
=245  10$aVolume tables and equations for old-growth western hemlock and Sitka spruce in southeast Alaska /$cby James T. Bones.
=260  \\$aPortland, Or. :$bU.S. Dept. of Agriculture, Forest Service, Pacific Northwest Forest and Range Experiment Station,$c1968.
=300  \\$a11 pages ;$c27 cm.
=336  \\$atext$btxt$2rdacontent
=337  \\$aunmediated$bn$2rdamedia
=338  \\$avolume$bnc$2rdacarrier
=490  1\$aU.S. Forest Service research note PNW ;$v91
=504  \\$aIncludes bibliographical references.
=591  \\$bNAL Reclamation
=593  \\$fAgricola CAT
=650  \0$aWestern hemlock$zAlaska, Southeast$xGrowth.
=650  \0$aSitka spruce$zAlaska, Southeast$xGrowth.
=650  \0$aForests and forestry$zAlaska, Southeast$vTables.
=650  \0$aForests and forestry$zAlaska, Southeast$xMeasurement.
=650  \3$aTsuga heterophylla.
=650  \3$aPicea sitchensis.
=650  \3$aold-growth forests.
=651  \3$aAlaska.
=651  \7$aSoutheast Alaska.$2fast$0(OCoLC)fst01692689
=655  \3$aInternet resource.
=655  \7$aTables.$2fast$0(OCoLC)fst01423914
=710  2\$aPacific Northwest Forest and Range Experiment Station (Portland, Or.)$0http://id.loc.gov/authorities/names/n80126131
=830  \0$aU.S. Forest Service research note PNW ;$v91.
=856  41$uhttps://archive.org/details/volumetablesequa91bone
=912  \\$analcatalog
=930  \\$a20140506$b00000000$c00000000
=945  \\$aDigiMet
=945  \\$p16
=946  \\$aUSDA
=959  \\$c2014-05-06$earojas$gap
=994  \\$a92$bAGL

