=LDR  02061cam a2200565   4500
=001  9915437217507426
=005  20240624173955.0
=008  800401s1968\\\\dcuab\\\\b\\\f000\0\eng\c
=010  \\$aagr68000330 
=016  7\$aCAT10246477$2DNAL
=035  \\$a207204
=035  \\$a(OCoLC)00087456
=035  \\$a(DNAL)207204-naldb-Voyager
=040  \\$aU.S. Nat'l Agr. Libr.$beng$cDLC$dOCLCQ$dBTCTA$dOCLCO$dNUI$dOCLCF$dOCLCQ$dIXA$dOCL$dCOF$dOKS$dOCLCA$dOCLCQ$dAGL
=043  \\$an-us-tx
=049  \\$aAGLL
=050  10$aS900$b.U5 no. 143
=070  0\$aA56.9$bR31 no. 143
=072  \0$a8500
=086  0\$aA 77.15:41-143
=086  0\$aA 77.15:ARS-41-143
=100  1\$aWilliams, Jimmy R.,$eauthor.$0http://id.loc.gov/authorities/names/n87152036
=245  10$aRunoff hydrographs from small Texas blacklands watersheds$c[by Jimmy R. Williams].
=260  \\$a[Washington]$bU.S. Dept. of Agriculture,$c1968.
=300  \\$a24 pages :$billustrations, map ;$c26 cm
=336  \\$atext$btxt$2rdacontent
=337  \\$aunmediated$bn$2rdamedia
=338  \\$avolume$bnc$2rdacarrier
=490  1\$a[United States. Agricultural Research Service] ARS ;$v41-143
=504  \\$aIncludes bibliographical references.
=530  \\$aAlso available on the Internet.
=591  \\$bNAL Reclamation
=593  \\$fAgricola CAT
=650  \0$aWatersheds$zTexas.$0http://id.loc.gov/authorities/subjects/sh93001131
=650  \0$aRunoff$zTexas.
=650  \3$awatersheds.
=650  \3$arunoff.
=651  \7$aTexas.$2fast$0(OCoLC)fst01210336
=655  \3$aInternet resource.
=710  1\$aUnited States.$bAgricultural Research Service.
=830  \0$aARS (Series) (United States. Agricultural Research Service) ;$v41-143.
=856  41$uhttps://archive.org/details/runoffhydrograph14will
=912  \\$analcatalog
=930  \\$a20201022$b00000000$c00000000
=938  \\$aBaker and Taylor$bBTCP$nagr68000330
=939  \\$a20131022$b20131101$c00000000
=945  \\$aDigiMet
=945  \\$p32
=946  \\$aUSDA
=959  \\$c2013-10-22$essouder$gurl
=959  \\$c2020-10-22$ecbarone$gother
=994  \\$a92$bAGL

