=LDR  01115cam a2200373M  4500
=001  9915437672207426
=005  20240620134928.0
=008  910402s1968\\\\dcu\\\\\\b\\\\000\0\eng\d
=016  7\$aCAT10684258$2DNAL
=035  \\$a496789
=035  \\$a(OCoLC)1288998558
=035  \\$a(DNAL)496789-naldb-Voyager
=040  \\$aAGL$beng$cAGL
=049  \\$aRQIA
=070  0\$a1.96$bAd6Tpno.148 1968
=072  \0$aP200
=100  1\$aSammons, W. H.
=245  10$aHydrology study;$ba multipurpose program for selected cumulative probability-distribution analyses.
=250  \\$a[Slightly rev. May 1968.
=260  \\$aWashington,$c1968]
=300  \\$a105 p.
=490  0\$a(U.S. Soil Conservation Service.$vSCS-TP-148)
=504  \\$aBibliography: p. 102-105.
=591  \\$bNAL Reclamation
=593  \\$fAgricola CAT
=650  \3$awater resources.
=650  \3$awater management.
=650  \3$anatural resources.
=655  \3$aInternet resource.
=856  41$uhttps://archive.org/details/hydrologystudymu148samm
=912  \\$analcatalog
=930  \\$a20140702$b20140807$c00000000
=945  \\$aDigiMet
=945  \\$p134
=946  \\$aUSDA
=994  \\$a92$bAGL

