=LDR  01741cam a2200481Ia 4500
=001  9915437684407426
=005  20240620134933.0
=008  910402s1951\\\\dcua\\\\\\\\\f000\0\eng\d
=016  7\$aCAT10684323$2DNAL
=035  \\$a496850
=035  \\$a(OCoLC)07790270
=035  \\$a(DNAL)496850-naldb-Voyager
=040  \\$aWAU$beng$cWAU$dAGL$dOCLCG$dMTG$dMUU$dOCLCQ$dOCLCO$dOCLCA$dOCLCF$dOCLCQ$dAGM$dWURST
=049  \\$aRQIA
=050  10$aS594$b.U45
=070  0\$a1.96$bAd6Tp no.101
=072  \0$aJ800
=086  0\$aA 57.15:101
=100  1\$aUhland, R. E.$q(Russel Edward),$d1896-
=245  10$aSoil permeability determinations for use in soil and water conservation /$cby R.E. Uhland and Alfred M. O'Neal.
=260  \\$aWashington, D.C. :$bU.S.D.A. Soil Conservation Service,$c1951.
=300  \\$a36 pages :$billustrations ;$c26 cm.
=336  \\$atext$btxt$2rdacontent
=337  \\$aunmediated$bn$2rdamedia
=338  \\$avolume$bnc$2rdacarrier
=490  1\$aSCS-TP ;$v101
=591  \\$bNAL Reclamation
=593  \\$fAgricola CAT
=650  \0$aSoil permeability.$0http://id.loc.gov/authorities/subjects/sh85124367
=650  \3$asoil.
=650  \3$apermeability.
=650  \3$asoil conservation.
=650  \3$awater conservation.
=655  \3$aInternet resource.
=700  1\$aO'Neal, A. M.$q(Alfred Moore),$d1881-$0http://id.loc.gov/authorities/names/nr2003007501
=710  1\$aUnited States.$bSoil Conservation Service.$0http://id.loc.gov/authorities/names/n78085479
=830  \0$aSCS-TP ;$v101.
=856  41$uhttps://archive.org/details/soilpermeability101uhla
=912  \\$analcatalog
=930  \\$a20140702$b20140807$c00000000
=939  \\$a20130116$b20130201$c00000000
=945  \\$aDigiMet
=945  \\$p44
=946  \\$aOther US
=994  \\$a92$bAGL

