=LDR  01338cam a2200421Mi 4500
=001  9915437690207426
=005  20240624174056.0
=008  910402s1969\\\\dcua\\\\\\\\\\000\0\eng\d
=016  7\$aCAT10684134$2DNAL
=035  \\$a496667
=035  \\$a(OCoLC)71021384
=035  \\$a(DNAL)496667-naldb-Voyager
=040  \\$aAGL$beng$cAGL$dOCLCO$dOCLCQ$dOCLCF$dAGL
=049  \\$aRQIA
=070  0\$aA56.9$bR31 no.150
=072  \0$aX400
=100  1\$aMiller, Gary E.
=245  14$aThe Chickasha sediment sampler.
=260  \\$a[Washington],$c1969.
=300  \\$a14 pages :$billustrations.
=336  \\$atext$btxt$2rdacontent
=337  \\$aunmediated$bn$2rdamedia
=338  \\$avolume$bnc$2rdacarrier
=490  0\$aU.S. Agricultural Research Service. ;$vARS 41-150
=530  \\$aAlso available on the Internet.
=591  \\$bNAL Reclamation
=593  \\$fAgricola CAT
=650  \0$aSampling apparatus.
=650  \0$aSedimentation and deposition.$0http://id.loc.gov/authorities/subjects/sh85119506
=655  \3$aInternet resource.
=856  41$uhttp://archive.org/details/chickashasedimen15mill
=912  \\$analcatalog
=930  \\$a20210419$b00000000$c00000000
=939  \\$a20131022$b20131101$c00000000
=945  \\$aDigiMet
=945  \\$p20
=946  \\$aOther US
=959  \\$c2013-10-22$essouder$gurl
=959  \\$c2021-04-07$earojas$gupgrade
=994  \\$a92$bAGL

