=LDR  01308cam a2200373Mi 4500
=001  9915437690707426
=005  20240624174053.0
=008  910402m19261927dcu\\\\\\\\\\f000\0\eng\d
=016  7\$aCAT10683981$2DNAL
=035  \\$a496518
=035  \\$a(OCoLC)1098865643
=035  \\$a(DNAL)496518-naldb-Voyager
=040  \\$aBRL$beng$cBRL$dOCLCO$dOCLCQ$dAGL
=049  \\$aRQIA
=070  0\$a1$bIn32A 1st ed.
=072  \0$aU600
=110  1\$aUnited States.$bDepartment of Agriculture.$bRadio Service.$0http://id.loc.gov/authorities/names/no2001063588
=245  10$aAunt Sammy's radio recipes. /$cdeveloped by the Bureau of home economics.
=260  \\$a[Washington] :$b[Govt. Print. Off.],$c[1926-27]
=336  \\$atext$btxt$2rdacontent
=337  \\$aunmediated$bn$2rdamedia
=591  \\$bNAL Reclamation
=593  \\$fAgricola CAT
=650  \3$ahome food preparation.
=650  \3$afamily resource management.
=650  \3$afamily and consumer science.
=655  \3$aInternet resource.
=710  1\$aUnited States.$bBureau of Home Economics.$0http://id.loc.gov/authorities/names/no92005258
=856  41$uhttps://archive.org/details/auntsammysradior1926unit
=912  \\$analcatalog
=930  \\$a20140812$b20140905$c00000000
=945  \\$aDigiMet
=945  \\$p32
=946  \\$aUSDA
=959  \\$c2013-04-02$essouder$gap
=994  \\$a92$bAGL

