=LDR  02454cam a2200637 a 4500
=001  9915437703707426
=005  20240620134945.0
=008  970619s1997\\\\paub\\\\\bs\\f001\0\eng\\
=010  \\$a   97171793 
=016  7\$aCAT10829184$2DNAL
=035  \\$a797309
=035  \\$a(OCoLC)37035097
=035  \\$a(DNAL)797309-naldb-Voyager
=040  \\$aDNAL$beng$cDLC$dAGL$dBTCTA$dSPI$dOCLCF$dOCLCO$dOCLCQ$dOCLCO$dAGM$dOCLCA$dWURST$dOCL
=042  \\$alccopycat
=043  \\$an-usp--
=049  \\$aAGLL
=050  00$aSD387.L33$bB566 1997
=070  0\$aA99.9$bF7622Uf no.137
=072  \0$aK200
=072  \0$aE110
=072  \0$aK001
=086  0\$aA 13.80:NE-137
=100  1\$aBirch, Thomas W.$0http://id.loc.gov/authorities/names/n77011280
=245  10$aPrivate forest-land owners of the western United States, 1994 /$cThomas W. Birch.
=260  \\$aRadnor, PA :$bU.S. Dept. of Agriculture, Forest Service, Northeastern Forest, Experiment Station,$c[1997]
=300  \\$a249 pages :$bmaps ;$c28 cm.
=336  \\$atext$btxt$2rdacontent
=337  \\$aunmediated$bn$2rdamedia
=338  \\$avolume$bnc$2rdacarrier
=490  1\$aResource bulletin NE ;$v137
=504  \\$aIncludes bibliographical references (page 9) and index to tables.
=591  \\$bNAL Reclamation
=593  \\$fAgricola CAT
=650  \0$aForest landowners$zWest (U.S.)$vStatistics.
=650  \0$aForest management$zWest (U.S.)$vStatistics.
=650  \0$aLand tenure$zWest (U.S.)$vStatistics.
=650  \3$aforest ownership.
=650  \3$aprivate forestry.
=650  \3$aprivate ownership.
=650  \3$aforests.
=651  \3$aWestern United States.
=651  \7$aWest United States.$2fast$0(OCoLC)fst01243255
=655  \3$aInternet resource.
=655  \7$aStatistics.$2fast$0(OCoLC)fst01423727
=710  2\$aNortheastern Forest Experiment Station (Radnor, Pa.)
=776  08$iOnline version:$aBirch, Thomas W.$tPrivate forest-land owners of the western United States, 1994.$dRadnor, PA : U.S. Dept. of Agriculture, Forest Service, Northeastern Forest, Experiment Station, [1997]$w(OCoLC)681792026
=830  \0$aResource bulletin NE ;$v137.
=856  41$uhttps://archive.org/details/privateforestlan137birc
=912  \\$analcatalog
=930  \\$a20140207$b20140307$c00000000
=938  \\$aBaker and Taylor$bBTCP$n97171793
=939  \\$a19970703$b19970710$c00000000
=945  \\$dML$e97/06/09$fAR$g97/06/18$n1
=945  \\$p260
=945  \\$aDigiMet
=946  \\$aUSDA
=994  \\$a92$bAGL

