=LDR  01177cam a2200361 E 4500
=001  9915437711507426
=005  20240624174057.0
=008  910402s1969\\\\dcu\\\\\\b\\\\00000\eng\u
=016  7\$aCAT10684345$2DNAL
=035  \\$90684-34560
=035  \\$a496872
=035  \\$a(DNAL)496872-naldb-Voyager
=040  \\$aAGL$dAGL
=049  \\$aRQIA
=070  0\$aA281.9$bAg83no.268
=072  \0$aA000
=100  10$aWylie, Kathryn H.$q(Kathryn Hulen),$d1907-
=245  12$aA survey of agriculture in Cuba.
=260  0\$a[Washington]$bU.S. Dept. of Agriculture, Economic Research Service, Foreign Regional Analysis Division$c[1969]
=300  \\$a30 p.$billus.
=490  0\$a([U.S. Dept. of Agriculture. Economic Research Service]$vERS-Foreign 268)
=500  \\$a(02)
=504  \\$aBibliography: p.29-30.
=593  \\$fAgricola CAT
=650  \0$aAgriculture$xEconomic aspects$zCuba.
=651  \0$aCuba$xAgriculture.
=655  \3$aInternet resource
=856  41$uhttps://archive.org/details/surveyofagricult268wyli
=912  \\$analcatalog
=930  \\$a20140305$b20140404$c00000000
=939  \\$a20100831$b20100903$c00000000
=945  \\$aDigiMet
=945  \\$p42
=946  \\$aUSDA
=959  \\$c2010-08-31$earojas$gap

