=LDR  01367cam a2200445Mi 4500
=001  9915437719407426
=005  20240624174101.0
=008  910402s1969\\\\dcua\\\\\b\\\\000\0\eng\d
=016  7\$aCAT10684399$2DNAL
=035  \\$a496922
=035  \\$a(OCoLC)71021483
=035  \\$a(DNAL)496922-naldb-Voyager
=040  \\$aAGL$beng$cAGL$dOCLCQ$dAGL
=049  \\$aRQIA
=070  0\$aA56.9$bR31 no.154
=072  \0$aJ200
=100  1\$aYouker, R. E.
=245  10$aSimplified budgeting of plow layer moisture under meadow.
=260  \\$a[Washington],$c[1969]
=300  \\$a11 pages :$billustrations.
=336  \\$atext$btxt$2rdacontent
=337  \\$aunmediated$bn$2rdamedia
=338  \\$avolume$bnc$2rdacarrier
=490  0\$aU.S. Agricultural Research Service. ;$vARS 41-154
=504  \\$aIncludes bibliographical references (page 11).
=530  \\$aAlso available on the Internet.
=591  \\$bNAL Reclamation
=593  \\$fAgricola CAT
=650  \3$asoil science.
=650  \3$asoil physics.
=650  \3$asoil chemistry.
=655  \3$aInternet resource.
=856  41$uhttp://archive.org/details/simplifiedbudget15youk
=912  \\$analcatalog
=930  \\$a20210419$b00000000$c00000000
=939  \\$a20131022$b20131101$c00000000
=945  \\$aDigiMet
=945  \\$p16
=946  \\$aUSDA
=959  \\$c2013-10-22$essouder$gurl
=959  \\$c2021-04-07$earojas$gupgrade
=994  \\$a92$bAGL

