=LDR  01170cam a2200373 E 4500
=001  9915437733207426
=005  20240620134949.0
=008  910402s1969\\\\oru\\\\\\b\\\\00000\eng\u
=016  7\$aCAT10684423$2DNAL
=035  \\$90684-42360
=035  \\$a496946
=035  \\$a(DNAL)496946-naldb-Voyager
=040  \\$aAGL
=049  \\$aRQIA
=070  0\$aA99.9$bF7625U no.96
=072  \0$aE710
=072  \0$aK001
=100  10$aYoho, James G.
=245  14$aThe marketing of red alder pulpwood and saw logs.
=260  1\$a[Portland, Or.]$c1969.
=300  \\$a7 p.
=490  0\$a(U.S. Pacific Northwest Forest and Range Experiment Station. U.S.D.A. Forest Service research note$vPNW-96)
=500  \\$aIssued Jan. 1969.
=500  \\$a(09)
=504  \\$aBibliography: p. 7.
=593  \\$fAgricola CAT
=650  \3$aforestry$9auto-assigned by category code
=650  \3$aproduct quality$9auto-assigned by category code
=650  \3$aagricultural economics$9auto-assigned by category code
=655  \3$aInternet resource
=856  41$uhttps://archive.org/details/marketingofredal96yoho
=912  \\$analcatalog
=930  \\$a20140505$b20140606$c00000000
=945  \\$aDigiMet
=945  \\$p12
=946  \\$aUSDA

