=LDR  01602cam a2200457Ia 4500
=001  9915437756407426
=005  20240620135008.0
=008  910402s1969\\\\oru\\\\\\b\\\f000\0\eng\d
=016  7\$aCAT10684137$2DNAL
=035  \\$a496670
=035  \\$a(OCoLC)60689330
=035  \\$a(DNAL)496670-naldb-Voyager
=040  \\$aORE$beng$cORE$dAGL$dOCLCO$dOCLCQ$dSEA$dAGM$dWURST
=049  \\$aRQIA
=050  \0$aSD143$b.U51 no.99
=070  0\$aA99.9$bF7625U no.99
=072  \0$aK120
=086  0\$aA 13.79:PNW-99
=100  1\$aMiller, Richard E.
=245  10$aCan auger planting improve survival of Douglas-fir seedlings? /$cby Richard E. Miller.
=260  \\$a[Portland, Or.] :$bPacific Northwest Forest and Range Experiment Station,$c[1969]
=300  \\$a8 pages ;$c28 cm.
=336  \\$atext$btxt$2rdacontent
=337  \\$aunmediated$bn$2rdamedia
=338  \\$avolume$bnc$2rdacarrier
=490  1\$aU.S.D.A. Forest Service research note ;$vPNW-99
=504  \\$aIncludes bibliographical references.
=591  \\$bNAL Reclamation
=593  \\$fAgricola CAT
=650  \0$aDouglas fir$xSeedlings$xPlanting.
=650  \3$aseedlings.
=650  \3$aPseudotsuga menziesii.
=650  \3$aplanting.
=655  \3$aInternet resource.
=710  2\$aPacific Northwest Forest and Range Experiment Station (Portland, Or.)$0http://id.loc.gov/authorities/names/n80126131
=830  \0$aUSDA Forest Service research note PNW ;$v99.
=856  41$uhttps://archive.org/details/canaugerplanting99mill
=912  \\$analcatalog
=930  \\$a20140505$b20140606$c00000000
=945  \\$aDigiMet
=945  \\$p12
=946  \\$aOther US
=994  \\$a92$bAGL

