=LDR  01270cam a2200385Mi 4500
=001  9915437765107426
=005  20240620135005.0
=008  910402s1938\\\\dcu\\\\\\\\\\\000\0\eng\d
=016  7\$aCAT10684055$2DNAL
=035  \\$a496592
=035  \\$a(OCoLC)71021374
=035  \\$a(DNAL)496592-naldb-Voyager
=040  \\$aAGL$beng$cAGL$dOCLCO$dOCLCQ$dAGL
=049  \\$aRQIA
=070  0\$a1$bF761H 1938
=072  \0$aJ800
=072  \0$aK001
=110  1\$aUnited States.$bForest Service.$bDivision of Engineering.$0http://id.loc.gov/authorities/names/n82227290
=245  10$aHandbook of erosion control engineering on the national forests.
=250  \\$aRev.
=260  \\$aWashington :$bU.S. Govt. Print. Off.,$c1938.
=300  \\$a90 pages
=336  \\$atext$btxt$2rdacontent
=337  \\$aunmediated$bn$2rdamedia
=338  \\$avolume$bnc$2rdacarrier
=591  \\$bNAL Reclamation
=593  \\$fAgricola CAT
=650  \0$aSoil erosion$xPrevention and control.
=655  \3$aInternet resource.
=710  1\$aUnited States.$bForest Service.$0http://id.loc.gov/authorities/names/n79054932
=856  41$uhttps://archive.org/details/handbookoferosio00unit
=912  \\$analcatalog
=930  \\$a20140812$b20140905$c00000000
=945  \\$aDigiMet
=945  \\$p146
=946  \\$aOther US
=994  \\$a92$bAGL

