=LDR  01261cam a2200409Mi 4500
=001  9915437798707426
=005  20240620135008.0
=008  910402s1934\\\\dcu\\\\\\\\\\\000\0\eng\d
=016  7\$aCAT10684464$2DNAL
=035  \\$a496987
=035  \\$a(OCoLC)71021506
=035  \\$a(DNAL)496987-naldb-Voyager
=040  \\$aAGL$beng$cAGL$dOCLCO$dOCLCQ$dAGL
=049  \\$aRQIA
=070  0\$a1.9$bD14Su
=072  \0$aL100
=072  \0$aE700
=110  1\$aUnited States.$bBureau of Dairy Industry.$0http://id.loc.gov/authorities/names/n85166541
=245  10$aSuggested methods for reducing milk production and curtailing sales under the AAA program.
=260  \\$a[Washington?],$cMar. 1934.
=300  \\$a30 leaves
=336  \\$atext$btxt$2rdacontent
=337  \\$aunmediated$bn$2rdamedia
=338  \\$avolume$bnc$2rdacarrier
=591  \\$bNAL Reclamation
=593  \\$fAgricola CAT
=650  \3$amarketing.
=650  \3$adistribution (economics)
=650  \3$aagricultural economics.
=650  \3$aagribusiness.
=650  \3$aanimal production.
=655  \3$aInternet resource.
=856  41$uhttps://archive.org/details/suggestedmethods1934unit
=912  \\$analcatalog
=930  \\$a20140812$b20140905$c00000000
=945  \\$aDigiMet
=945  \\$p68
=946  \\$aUSDA
=994  \\$a92$bAGL

