=LDR  02598cam a2200637 a 4500
=001  9915438294007426
=005  20240624175039.0
=008  020619s2002\\\\dcua\\\\\b\\\f000\0\eng\c
=016  7\$aCAT11119644$2DNAL
=035  \\$a886526
=035  \\$a(OCoLC)49940218
=035  \\$a(DNAL)886526-naldb-Voyager
=040  \\$aGFV$beng$cGFV$dAGL$dORE$dOCLCQ$dGPO$dOCLCA$dOCLCQ$dOCLCA$dOCLCO$dOCLCA$dOCLCF
=042  \\$apcc
=043  \\$an-us---
=049  \\$aAGLL
=050  \0$aLB2329.8$b.U6 2002
=070  0\$a1$bAg84M no. 1583
=072  \0$aC100
=072  \0$aX800
=086  0\$aA 1.38:1583
=245  00$aInvesting in people :$bassessing the economic benefits of 1890 institutions /$cAbebayehu Tegene [and others].
=246  30$aAssessing the economic benefits of 1890 institutions
=260  \\$aWashington, DC (1800 M St., NW, Washington 20036-5831) :$bU.S. Dept. of Agriculture, Economic Research Service,$c[2002]
=300  \\$avi, 30 pages :$billustrations ;$c28 cm.
=336  \\$atext$btxt$2rdacontent
=337  \\$aunmediated$bn$2rdamedia
=338  \\$avolume$bnc$2rdacarrier
=490  1\$aMiscellaneous publication ;$vno. 1583
=530  \\$aAlso available on the World Wide Web.
=504  \\$aIncludes bibliographical references (pages 22-24).
=530  \\$aAlso available on the Internet.
=591  \\$bNAL Reclamation
=593  \\$fAgricola CAT
=650  \0$aState universities and colleges$zUnited States$xCost effectiveness.
=650  \0$aHuman capital$zUnited States$xAccounting.
=650  \0$aEducation, Rural$xEconomic aspects$zUnited States.
=650  \0$aAfrican American universities and colleges$zUnited States.
=650  \0$aAgricultural colleges$zUnited States.
=651  \7$aUnited States.$2fast$0(OCoLC)fst01204155
=655  \3$aInternet resource.
=700  1\$aTegene, Abebayehu.$0http://id.loc.gov/authorities/names/no93001491
=710  1\$aUnited States.$bDepartment of Agriculture.$bEconomic Research Service.
=776  08$iOnline version:$tInvesting in people$w(OCoLC)779977948
=830  \0$aMiscellaneous publication (United States. Department of Agriculture) ;$vno. 1583.
=856  41$uhttp://www.ers.usda.gov/publications/mp1583/
=856  41$uhttps://archive.org/details/investinginpeopl1583tege
=912  \\$analcatalog
=930  \\$a20140305$b20140404$c00000000
=939  \\$a20030602$b20030603$c00000000
=939  \\$a20020630$b20020705$c00000000
=939  \\$a20030527$b00000000$c00000000
=945  \\$dRLG$e2002/06/12$fSES$g2002/06/19$n1
=945  \\$p44
=945  \\$aDigiMet
=946  \\$aUSDA
=959  \\$c2013-04-02$essouder$gap
=994  \\$a92$bAGL

