=LDR  02386cas a2200553 a 4500
=001  9915438348207426
=005  20240620140059.0
=008  970129d19321942dcubr\p\\b\\\f0\\\a0eng\c
=010  \\$asn 97015016 
=012  \\$i9701
=016  7\$aCAT10821107$2DNAL
=035  \\$a790650
=035  \\$a(OCoLC)02252145
=035  \\$a(DNAL)790650-naldb-Voyager
=040  \\$aMUL$beng$cMUL$dPIT$dAGL$dOCL$dOCLCQ$dOCLCF$dOCLCO$dOCLCQ$dOCL
=042  \\$apcc
=049  \\$aAGLL
=050  \0$aZ5856$b.U5
=070  0\$a1.9$bEn852E
=072  \0$aL001
=072  \0$aL000
=245  00$aEntomology current literature :$bselected references complied by the staff of the Bureau of Entomology Library from publications received in the Library of the United States Department of Agriculture.
=260  \\$aWashington, D.C. :$bThe Bureau,$c[1932-1942]
=300  \\$a11 volumes ;$c27 cm
=310  \\$aBimonthly
=336  \\$atext$btxt$2rdacontent
=337  \\$aunmediated$bn$2rdamedia
=338  \\$avolume$bnc$2rdacarrier
=362  0\$aVol. 1, no. 1 (Jan.-Feb. 1932)-v. 11, no. 3 (May/June 1942).
=550  \\$aPrepared by: Staff of the Library the Bureau of Entomology and Plant Quarantine, U.S. Dept of Agriculture, Sept.-Oct. 1934-1942.
=580  \\$aList of new books were previously published in The Bureau's Monthly letter of the Bureau of Entomology.
=591  \\$bNAL Reclamation
=593  \\$fAgricola CAT
=650  \0$aEntomology$vBibliography.
=655  \3$aInternet resource.
=655  \7$aBibliographies.$2fast$0(OCoLC)fst01919895
=710  1\$aUnited States.$bBureau of Entomology.$bLibrary.$0http://id.loc.gov/authorities/names/no97009771
=710  1\$aUnited States.$bBureau of Entomology and Plant Quarantine.$bLibrary.$0http://id.loc.gov/authorities/names/no97009772
=776  08$iOnline version:$tEntomology current literature$w(OCoLC)999393528
=785  00$tBibliography of agriculture. Section C, Entomology$x0006-1530$w(DLC)sn 94035340$w(OCoLC)20117752
=787  1\$aUnited States. Bureau of Entomology.$tMonthly letter of the Bureau of Entomology$w(OCoLC)27125564
=850  \\$aDNAL
=856  41$uhttps://archive.org/details/usda-entomologycurrentliterature
=912  \\$analcatalog
=930  \\$a20140207$b20140307$c00000000
=939  \\$a19970203$b19970210$c00000000
=945  \\$dJH$e97/01/28$fCM$g97/01/29
=945  \\$vpt. 1
=945  \\$p88
=945  \\$aDigiMet
=945  \\$vpt. 2
=945  \\$p102
=945  \\$aDigiMet
=945  \\$vpt. 3
=945  \\$p118
=945  \\$aDigiMet
=945  \\$vpt. 4
=945  \\$p122
=945  \\$aDigiMet
=945  \\$vpt. 5
=945  \\$p132
=945  \\$aDigiMet
=945  \\$vpt. 6
=945  \\$p152
=945  \\$aDigiMet
=945  \\$vpt. 7
=945  \\$p186
=945  \\$aDigiMet
=945  \\$vpt. 8
=945  \\$p182
=945  \\$aDigiMet
=945  \\$vpt. 9
=945  \\$p138
=945  \\$aDigiMet
=945  \\$vpt. 10
=945  \\$p164
=945  \\$aDigiMet
=945  \\$vpt. 11
=945  \\$p82
=945  \\$aDigiMet
=946  \\$aUSDA
=994  \\$a92$bAGL

