=LDR  02562cam a2200637Ia 4500
=001  9915438476407426
=005  20240620140155.0
=008  970129s1996\\\\paua\\\\\bs\\f000\0\eng\\
=016  7\$aCAT10821185$2DNAL
=035  \\$a790704
=035  \\$a(OCoLC)36280603
=035  \\$a(DNAL)790704-naldb-Voyager
=040  \\$aAGL$beng$cAGL$dOCL$dOCLCQ$dSPI$dSYB$dORE$dOCLCO$dOCLCA$dOCLCF$dOCLCQ$dOCLCO$dOCLCQ$dAGM$dOCLCA$dAGL
=043  \\$an-us---
=049  \\$aAGLL
=050  \0$aSD387.L33$bB564 1996
=070  0\$aA99.9$bF7622Uf no.136
=072  \0$aK200
=072  \0$aE110
=072  \0$aK001
=086  0\$aA 13.80:NE-136
=100  1\$aBirch, Thomas W.$0http://id.loc.gov/authorities/names/n77011280
=245  10$aPrivate forest-land owners of the northern United States, 1994 /$cThomas W. Birch.
=246  3\$aPrivate forest land owners of the United States, 1994
=246  3\$aPrivate forest landowners of the United States, 1994
=260  \\$aRadnor, PA :$bU.S. Dept. of Agriculture, Forest Service, Northeastern Forest Experiment Station,$c[1996]
=300  \\$a293 pages :$billustrations ;$c28 cm.
=336  \\$atext$btxt$2rdacontent
=337  \\$aunmediated$bn$2rdamedia
=338  \\$avolume$bnc$2rdacarrier
=490  1\$aResource bulletin NE ;$v136
=530  \\$aAlso available on the World Wide Web.
=504  \\$aIncludes bibliographical references (pages 9-10).
=591  \\$bNAL Reclamation
=593  \\$fAgricola CAT
=650  \0$aForest landowners$zUnited States$vStatistics.
=650  \0$aForests and forestry$zUnited States$vStatistics.
=650  \0$aLand tenure$zUnited States$vStatistics.
=650  \3$aforest ownership.
=650  \3$aprivate forestry.
=650  \3$aprivate ownership.
=650  \3$aforests.
=651  \3$aNortheastern United States.
=651  \7$aUnited States.$2fast$0(OCoLC)fst01204155
=655  \3$aInternet resource.
=655  \7$aStatistics.$2fast$0(OCoLC)fst01423727
=710  2\$aNortheastern Forest Experiment Station (Radnor, Pa.)
=776  08$iOnline version:$aBirch, Thomas W.$tPrivate forest-land owners of the northern United States, 1994.$dRadnor, PA : U.S. Dept. of Agriculture, Forest Service, Northeastern Forest Experiment Station, [1996]$w(OCoLC)681149123
=830  \0$aResource bulletin NE ;$v136.
=856  41$uhttps://archive.org/details/privateforestlan136birc
=912  \\$analcatalog
=930  \\$a20140207$b20140307$c00000000
=939  \\$a19970203$b19970210$c00000000
=945  \\$dSAM$e97/01/28$fVS$g97/01/29$n1
=945  \\$p304
=945  \\$aDigiMet
=946  \\$aUSDA
=994  \\$a92$bAGL

