=LDR  02361cam a2200565Ia 4500
=001  9915438481507426
=005  20240624175037.0
=007  he\bmb024bbca
=008  970416s1995\\\\mnuab\\\bs\\\f000\0\eng\d
=016  7\$aCAT10825755$2DNAL
=019  \\$a1225785719
=035  \\$a790188
=035  \\$a(OCoLC)36216516$z(OCoLC)1225785719
=035  \\$a(DNAL)790188-naldb-Voyager
=035  \\$z(OCoLC)1225785719
=040  \\$aGPO$beng$cGPO$dOCL$dOCLCQ$dAGL$dOCLCG$dOCLCQ$dOCLCF$dOCLCQ$dOCLCO$dOCLCQ$dGILDS$dOCLCO$dOCLCA$dAKP
=043  \\$an-us-wi
=049  \\$aAGLL
=050  \0$aSD143$b.U4672 no.164
=070  0\$aFiche$bS-133 (A 13.80:NC-164 )
=074  \\$a0083-B-05 (MF)
=086  0\$aA 13.80:NC-164
=100  1\$aHackett, Ronald L.
=245  10$aWisconsin timber industry - an assessment of timber product output and use, 1992 /$cRonald L. Hackett and James W. Whipple.
=246  3\$aWisconsin timber industry
=260  \\$aSt. Paul, Minn. (1992 Folwell Ave., St. Paul 55108) :$bU.S. Dept. of Agriculture, Forest Service, North Central Forest Experiment Station,$c1995.
=300  \\$a64 pages :$billustrations, map ;$c28 cm.
=336  \\$atext$btxt$2rdacontent
=337  \\$amicroform$bh$2rdamedia
=338  \\$amicrofiche$bhe$2rdacarrier
=490  1\$aResource bulletin NC ;$v164
=530  \\$aAlso available on the Internet.
=533  \\$aMicrofiche.$b[Washington, D.C.?] :$cSupt. of Docs., U.S. G.P.O.,$d[1996].$e1 microfiche : negative.
=591  \\$bNAL Reclamation
=593  \\$fAgricola CAT
=650  \0$aTimber$zWisconsin$vStatistics.
=651  \7$aWisconsin.$2fast$0(OCoLC)fst01204595
=655  \7$aStatistics.$2fast$0(OCoLC)fst01423727
=655  \7$aStatistics.$2lcgft$0http://id.loc.gov/authorities/genreForms/gf2014026181
=700  1\$aWhipple, James W.$q(James William),$d1938-$0http://id.loc.gov/authorities/names/no92006812
=710  2\$aNorth Central Forest Experiment Station (Saint Paul, Minn.)$0http://id.loc.gov/authorities/names/n80044737
=830  \0$aResource bulletin NC ;$v164.
=856  41$uhttp://www.nrs.fs.fed.us/pubs/rb/rb%5Fnc164.pdf
=856  41$uhttps://archive.org/details/wisconsintimberi164hack
=912  \\$analcatalog
=930  \\$a20210712$b00000000$c00000000
=945  \\$aDigiMet
=945  \\$p76
=946  \\$aOther US
=959  \\$c2013-06-04$essouder$gurlc
=959  \\$c2021-07-12$epdesai$gurlc
=994  \\$a92$bAGL

