=LDR  02307cam a2200601Ia 4500
=001  9915440431007426
=005  20240624175327.0
=007  he\bmb024bbca
=008  990315s1996\\\\mnuab\\\bs\\\f000\0\eng\d
=016  7\$aCAT10863359$2DNAL
=019  \\$a1225756511
=035  \\$a804152
=035  \\$a(OCoLC)37931239$z(OCoLC)1225756511
=035  \\$a(DNAL)804152-naldb-Voyager
=035  \\$z(OCoLC)1225756511
=040  \\$aGPO$beng$cGPO$dOCL$dOCLCQ$dAGL$dOCLCQ$dOCLCF$dOCLCQ$dOCLCO$dOCLCQ$dTKN$dOCLCA$dAKP
=043  \\$an-us-nb
=049  \\$aAGLL
=050  \0$aSD11.E26$bR5 no.168
=070  0\$aFiche$bS-133 (A 13.80:NC-168 )
=072  \0$aK510
=072  \0$aP120
=074  \\$a0083-B-05 (MF)
=086  0\$aA 13.80:NC-168
=100  1\$aMay, Dennis M.
=245  10$aResidential fuelwood consumption and production in Nebraska, 1994 /$cDennis M. May.
=260  \\$aSt. Paul, Minn. (1992 Folwell Ave., St. Paul 55108) :$bU.S. Dept. of Agriculture, Forest Service, North Central Forest Experiment Station,$c1996.
=300  \\$a25 pages :$billustrations, maps ;$c28 cm.
=336  \\$atext$btxt$2rdacontent
=337  \\$amicroform$bh$2rdamedia
=338  \\$amicrofiche$bhe$2rdacarrier
=490  1\$aResource bulletin NC ;$v168
=530  \\$aAlso available on the Internet.
=533  \\$aMicrofiche.$b[Washington, D.C.?] :$cSupt. of Docs., U.S. G.P.O.,$d[1997].$e1 microfiche : negative.
=591  \\$bNAL Reclamation
=593  \\$fAgricola CAT
=650  \0$aFuelwood consumption$zNebraska$vStatistics.
=650  \0$aWood products$zNebraska$vStatistics.
=650  \0$aFuelwood$zNebraska$vStatistics.
=651  \7$aNebraska.$2fast$0(OCoLC)fst01208998
=655  \7$aStatistics.$2fast$0(OCoLC)fst01423727
=710  2\$aNorth Central Forest Experiment Station (Saint Paul, Minn.)$0http://id.loc.gov/authorities/names/n80044737
=830  \0$aResource bulletin NC ;$v168.
=856  41$uhttp://www.nrs.fs.fed.us/pubs/rb/rb%5Fnc168.pdf
=856  41$uhttps://archive.org/details/residentialfuelw168mayd
=912  \\$analcatalog
=930  \\$a20140702$b20140807$c00000000
=939  \\$a20130604$b20130705$c00000000
=939  \\$a20040803$b20040901$c00000000
=939  \\$a19990405$b19990413$c00000000
=945  \\$aDigiMet
=945  \\$p36
=946  \\$aUSDA
=959  \\$c2013-06-04$essouder$gurlc
=994  \\$a92$bAGL

