=LDR  01803cam a2200505Ia 4500
=001  9915441162207426
=005  20240620144720.0
=008  991007s1940\\\\dcua\\\\\b\\\f000\0\eng\\
=010  \\$aagr40000402 
=016  7\$aCAT10878910$2DNAL
=035  \\$a837444
=035  \\$a(OCoLC)16770773
=035  \\$a(DNAL)837444-naldb-Voyager
=040  \\$aDLC$beng$cORZ$dOCL$dAGL$dOCLCQ$dOCLCF$dOCLCO$dOCLCA$dSFR
=049  \\$aAGLL
=050  \0$aSF253$b.W9 1940
=070  0\$a1$bAg84M no. 161 1940
=072  \0$aQ501
=086  0\$aA 1.38:161
=100  1\$aWright, P. A.$q(Philip Anson),$d1886-
=245  10$aTesting milk and cream /$cby Philip A. Wright.
=250  \\$aSlightly rev.
=260  \\$aWashington, D.C. :$bU.S. G.P.O.,$c1940.
=300  \\$a45 pages :$billustrations ;$c17 cm.
=336  \\$atext$btxt$2rdacontent
=337  \\$aunmediated$bn$2rdamedia
=338  \\$avolume$bnc$2rdacarrier
=490  1\$aMiscellaneous publication / United States. Dept. of Agriculture ;$vno. 161
=504  \\$aIncludes bibliographical references (pages 44-45).
=591  \\$bNAL Reclamation
=593  \\$fAgricola CAT
=650  \0$aMilk$xAnalysis.
=650  \0$aMilk$xTesting.
=650  \0$aCream$xAnalysis.
=650  \0$aCream$xTesting.
=655  \3$aInternet resource.
=776  08$iOnline version:$aWright, P. A. (Philip Anson), 1886-$tTesting milk and cream.$bSlightly rev.$dWashington, D.C. : U.S. G.P.O., 1940$w(OCoLC)989720381
=830  \0$aMiscellaneous publication (United States. Department of Agriculture) ;$vno. 161.
=856  41$uhttps://archive.org/details/testingmilkcream161wrig
=912  \\$analcatalog
=930  \\$a20140305$b20140404$c00000000
=939  \\$a19991031$b19991104$c00000000
=945  \\$dSAM$e99/10/04$fAR$g99/10/07$n1
=945  \\$p56
=945  \\$aDigiMet
=946  \\$aUSDA
=994  \\$a92$bAGL

