=LDR  01628cam a2200469Ia 4500
=001  9915441638007426
=005  20240620150152.0
=008  910402s1965\\\\dcuab\\\\b\\\f000\0\eng\d
=016  7\$aCAT10681729$2DNAL
=035  \\$a504301
=035  \\$a(OCoLC)23748492
=035  \\$a(DNAL)504301-naldb-Voyager
=040  \\$aAFM$beng$cAFM$dAGL$dMTG$dOCLCQ$dOCLCO$dOCLCF$dOCLCQ$dOCLCO$dAGM
=043  \\$an-us---
=049  \\$aRQIA
=050  10$aS21$b.U58 no.147
=070  0\$a1.96$bAd6Tp no.147
=072  \0$aP200
=086  0\$aA 57.15:147
=100  1\$aOsborn, Ben.
=245  10$aWater and the land :$bfacts about our water problem /$cby Ben Osborn and Phoebe O'N. Harrison.
=260  \\$a[Washington, D.C.?] :$bU.S. Dept. of Agriculture, Soil Conservation Service,$c1965.
=300  \\$a16 pages :$billustrations, maps ;$c26 cm
=336  \\$atext$btxt$2rdacontent
=337  \\$aunmediated$bn$2rdamedia
=338  \\$avolume$bnc$2rdacarrier
=504  \\$aIncludes bibliographical references (pages 15-16).
=591  \\$bNAL Reclamation
=593  \\$fAgricola CAT
=650  \0$aWater rights$zUnited States.
=650  \0$aWater-supply$zUnited States.
=650  \3$awater rights.
=650  \3$awater supply.
=651  \7$aUnited States.$2fast$0(OCoLC)fst01204155
=655  \3$aInternet resource.
=700  1\$aHarrison, Phoebe O'N.
=710  1\$aUnited States.$bSoil Conservation Service.$0http://id.loc.gov/authorities/names/n78085479
=856  41$uhttps://archive.org/details/waterlandfactsab147osbo
=912  \\$analcatalog
=930  \\$a20140702$b00000000$c00000000
=945  \\$aDigiMet
=945  \\$p24
=946  \\$aOther US
=994  \\$a92$bAGL

