=LDR  02176cam a2200517Ia 4500
=001  9915441844907426
=005  20240620150238.0
=008  800401s1966\\\\utua\\\\\\\\\f000\0\eng\d
=016  7\$aCAT10234635$2DNAL
=019  \\$a1039833235$a1084308892$a1231871270
=035  \\$a208315
=035  \\$a(OCoLC)32180252$z(OCoLC)1039833235$z(OCoLC)1084308892$z(OCoLC)1231871270
=035  \\$a(DNAL)208315-naldb-Voyager
=035  \\$z(OCoLC)1039833235$z(OCoLC)1084308892$z(OCoLC)1231871270
=040  \\$aSDB$beng$cSDB$dOCLCQ$dOCLCF$dOCLCQ$dOCLCO$dSEA$dAGM$dOCLCA$dAGL
=043  \\$an-us-ut
=049  \\$aAGLL
=050  \0$aSB951.4$b.R95 1966
=070  \\$aA99.9$bF764Un no. 55
=072  \0$a7000
=086  0\$aA 13.79:INT-55
=100  1\$aRyker, Russell A.$0http://id.loc.gov/authorities/names/n82208797
=245  10$aHerbicides fail to insure success of a brushfield prescribed burn /$cRussell A. Ryker.
=260  \\$aOgden, Utah :$bU.S. Dept. of Agriculture, Forest Service, Intermountain Forest & Range Experiment Station,$c1966.
=300  \\$a7 pages :$billustrations ;$c27 cm.
=336  \\$atext$btxt$2rdacontent
=337  \\$aunmediated$bn$2rdamedia
=338  \\$avolume$bnc$2rdacarrier
=490  1\$aU.S. Forest Service research note INT ;$v55
=591  \\$bNAL Reclamation
=593  \\$fAgricola CAT
=650  \0$aHerbicides$zUtah.
=650  \0$aPrescribed burning$zUtah.
=650  \3$abrush control.
=650  \3$aprescribed burning.
=650  \3$aherbicides.
=651  \7$aUtah.$2fast$0(OCoLC)fst01204563
=655  \3$aInternet resource.
=710  2\$aIntermountain Forest and Range Experiment Station (Ogden, Utah)$0http://id.loc.gov/authorities/names/n79062786
=776  08$iOnline version:$aRyker, Russell A.$tHerbicides fail to insure success of a brushfield prescribed burn.$dOgden, Utah : U.S. Dept. of Agriculture, Forest Service, Intermountain Forest & Range Experiment Station, 1966$w(OCoLC)630469413
=830  \0$aU.S. Forest Service research note INT ;$v55.
=856  41$uhttps://archive.org/details/herbicidesfailto55ryke
=912  \\$analcatalog
=930  \\$a20140604$b00000000$c00000000
=945  \\$aDigiMet
=945  \\$p12
=946  \\$aUSDA
=994  \\$a92$bAGL

