=LDR  01764cam a2200469Ia 4500
=001  9915441854307426
=005  20240624180628.0
=008  800401s1969\\\\orua\\\\\b\\\f000\0\eng\d
=016  7\$aCAT10247258$2DNAL
=035  \\$a208723
=035  \\$a(OCoLC)60689288
=035  \\$a(DNAL)208723-naldb-Voyager
=040  \\$aORE$beng$cORE$dOCLCO$dOCLCQ$dSEA$dOCLCF$dAGM$dWURST$dAGL
=049  \\$aAGLL
=050  \0$aSD143$b.U51 no.98
=070  \\$aA99.9$bF7625U no. 98
=072  \0$a5000
=086  0\$aA 13.79:PNW-98
=100  1\$aFowler, W. B.$q(William Burgess),$d1930-$0http://id.loc.gov/authorities/names/n82120440
=245  12$aA digital indicator for maximum windspeeds /$cby William B. Fowler.
=260  \\$a[Portland, Or.] :$bPacific Northwest Forest and Range Experiment Station,$c[1969]
=300  \\$a4 pages :$billustrations ;$c28 cm.
=336  \\$atext$btxt$2rdacontent
=337  \\$aunmediated$bn$2rdamedia
=338  \\$avolume$bnc$2rdacarrier
=490  1\$aU.S.D.A. Forest Service research note ;$vPNW-98
=504  \\$aIncludes bibliographical references.
=591  \\$bNAL Reclamation
=593  \\$fAgricola CAT
=650  \0$aWinds$xSpeed$xMeasurement.$0http://id.loc.gov/authorities/subjects/sh85146952
=650  \0$aWinds$xSpeed$xInstruments.
=650  \3$awind speed.
=650  \3$ameasurement.
=655  \3$aInternet resource.
=710  2\$aPacific Northwest Forest and Range Experiment Station (Portland, Or.)$0http://id.loc.gov/authorities/names/n80126131
=830  \0$aUSDA Forest Service research note PNW ;$v98.
=856  41$uhttps://archive.org/details/digitalindicator98fowl
=912  \\$analcatalog
=930  \\$a20140507$b00000000$c00000000
=945  \\$aDigiMet
=945  \\$p8
=946  \\$aUSDA
=959  \\$c2014-05-06$earojas$gap
=994  \\$a92$bAGL

