=LDR  02058cam a2200529Ia 4500
=001  9915441855607426
=005  20240624180617.0
=008  800401s1968\\\\orua\\\\\b\\\f000\0\eng\d
=016  7\$aCAT10247021$2DNAL
=035  \\$a208259
=035  \\$a(OCoLC)56836674
=035  \\$a(DNAL)208259-naldb-Voyager
=040  \\$aALK$beng$cALK$dOCLCQ$dOCLCG$dNUI$dOCLCF$dOCLCA$dOCLCQ$dAGM$dOCLCA$dWURST$dAGL
=043  \\$an-us-or
=049  \\$aAGLL
=050  \0$aSD11$b.A45613 no. 94
=070  \\$aA99.9$bF7625U no. 94
=072  \0$a7000
=086  0\$aA 13.79:PNW-94
=100  1\$aCrouch, Glenn LeRoy,$d1929-$0http://id.loc.gov/authorities/names/n77018443
=245  10$aEffects of protection from deer on survival and growth of Douglas-fir seedlings /$cby Glenn L. Crouch and Neil R. Paulson.
=260  \\$aPortland, Or. :$bPacific Northwest Forest and Range Experiment Station,$c[1968]
=300  \\$a6 pages :$billustrations ;$c27 cm.
=336  \\$atext$btxt$2rdacontent
=337  \\$aunmediated$bn$2rdamedia
=338  \\$avolume$bnc$2rdacarrier
=490  1\$aU.S. Forest Service research note PNW ;$v94
=504  \\$aIncludes bibliographical references.
=591  \\$bNAL Reclamation
=593  \\$fAgricola CAT
=650  \0$aDouglas fir$xDiseases and pests.$0http://id.loc.gov/authorities/subjects/sh85039201
=650  \0$aMule deer$zOregon.
=650  \0$aBrowse (Animal food)$0http://id.loc.gov/authorities/subjects/sh85017280
=650  \3$aPseudotsuga menziesii.
=650  \3$adeer.
=650  \3$aOdocoileus hemionus.
=651  \7$aOregon.$2fast$0(OCoLC)fst01204579
=655  \3$aInternet resource.
=700  1\$aPaulson, Neil R.
=710  2\$aPacific Northwest Forest and Range Experiment Station (Portland, Or.)$0http://id.loc.gov/authorities/names/n80126131
=830  \0$aU.S. Forest Service research note PNW ;$v94.
=856  41$uhttps://archive.org/details/effectsofprotect94crou
=912  \\$analcatalog
=930  \\$a20140506$b00000000$c00000000
=945  \\$aDigiMet
=945  \\$p10
=946  \\$aUSDA
=959  \\$c2014-05-06$earojas$gap
=994  \\$a92$bAGL

