=LDR  02055cam a2200529Ia 4500
=001  9915441866907426
=005  20240620145936.0
=007  ta
=008  800401s1967\\\\pauab\\\\bs\\f000\0\eng\d
=010  \\$a   67061190 
=016  7\$aCAT10234554$2DNAL
=019  \\$a639745476$a1087428872
=035  \\$a208163
=035  \\$a(OCoLC)33822640$z(OCoLC)639745476$z(OCoLC)1087428872
=035  \\$a(DNAL)208163-naldb-Voyager
=035  \\$z(OCoLC)639745476$z(OCoLC)1087428872
=040  \\$aVXF$beng$cVXF$dOCL$dOCLCQ$dMTG$dNUI$dUWW$dOCLCO$dOCLCQ$dOCLCA$dOCLCF$dOCLCQ$dAGM$dOCLCA$dOCLCQ$dWURST$dAGL
=043  \\$an-us---
=049  \\$aAGLL
=050  \0$aSD11$b.U652 no.4
=070  \\$aA99.9$bF7622Uf no. 4
=072  \0$a4500
=086  0\$aA 13.80:NE-4
=100  1\$aQuigley, Kenneth L.
=245  12$aA look at black walnut timber resources and industries /$cKenneth L. Quigley and Ronald D. Lindemark.
=260  \\$aUpper Darby, Pa. :$bNortheastern Forest Experiment Station,$c1967.
=300  \\$a28 pages :$billustrations, maps ;$c24 cm.
=336  \\$atext$btxt$2rdacontent
=337  \\$aunmediated$bn$2rdamedia
=338  \\$avolume$bnc$2rdacarrier
=490  1\$aU.S. Forest Service resource bulletin NE ;$v4
=504  \\$aIncludes bibliographical references (page 28).
=591  \\$bNAL Reclamation
=593  \\$fAgricola CAT
=650  \0$aEastern black walnut.$0http://id.loc.gov/authorities/subjects/sh85040602
=650  \3$atimber supply.
=651  \3$aNew York.
=655  \3$aInternet resource.
=700  1\$aLindemark, Ronald D.
=710  2\$aNortheastern Forest Experiment Station (Radnor, Pa.)
=776  08$iOnline version:$aQuigley, Kenneth L.$tLook at black walnut timber resources and industries.$dUpper Darby, Pa. : Northeastern Forest Experiment Station, 1967$w(OCoLC)626255378
=830  \0$aU.S.D.A. Forest Service resource bulletin NE ;$v4.
=856  41$uhttps://archive.org/details/lookatblackwalnu04quig
=912  \\$analcatalog
=930  \\$a20140209$b00000000$c00000000
=945  \\$aDigiMet
=945  \\$p44
=946  \\$aUSDA
=994  \\$a92$bAGL

