=LDR  02273cam a2200601 a 4500
=001  9915441937907426
=005  20240624180621.0
=008  800401s1968\\\\orua\\\\\b\\\f000\0\eng\d
=016  7\$aCAT10246889$2DNAL
=035  \\$a208008
=035  \\$a(OCoLC)60687748
=035  \\$a(DNAL)208008-naldb-Voyager
=040  \\$aORE$beng$cORE$dMIN$dOCLCF$dOCLCO$dOCLCQ$dAGM$dWURST$dOCLCQ$dAGL
=043  \\$an-us-or$an-us-wa$an-cn-bc
=049  \\$aAGLL
=050  \0$aSD143$b.U51 no.90
=070  \\$aA99.9$bF7625U no. 90
=072  \0$a7000
=086  0\$aA 13.79:PNW-90
=100  1\$aCarolin, V. M.$q(Valentine M.),$d1918-$0http://id.loc.gov/authorities/names/n82129072
=245  10$aBud characteristics of ponderosa pine related to potential damage by the European pine shoot moth /$cby V.M. Carolin and J.W. Baxter.
=260  \\$a[Portland, Or.] :$bPacific Northwest Forest and Range Experiment Station, U.S. Forest Service,$c[1968]
=300  \\$a17 pages :$billustrations ;$c28 cm
=336  \\$atext$btxt$2rdacontent
=337  \\$aunmediated$bn$2rdamedia
=338  \\$avolume$bnc$2rdacarrier
=490  1\$aU.S. Forest Service research note PNW ;$v90
=504  \\$aIncludes bibliographical references (pages 16-17).
=591  \\$bNAL Reclamation
=593  \\$fAgricola CAT
=650  \0$aPonderosa pine$xDiseases and pests.
=650  \0$aRhyacionia.$0http://id.loc.gov/authorities/subjects/sh85113802
=650  \0$aBuds.$0http://id.loc.gov/authorities/subjects/sh85017613
=650  \3$aRhyacionia buoliana.
=650  \3$aPinus ponderosa.
=650  \3$ainsect pests.
=650  \3$abuds.
=650  \3$aPinus sylvestris.
=650  \3$aPinus lambertiana.
=651  \3$aOregon
=651  \3$aWashington (state)
=651  \3$aBritish Columbia
=655  \3$aInternet resource.
=700  1\$aBaxter, J. W.
=710  2\$aPacific Northwest Forest and Range Experiment Station (Portland, Or.)$0http://id.loc.gov/authorities/names/n80126131
=830  \0$aU.S. Forest Service research note PNW ;$v90.
=856  41$uhttps://archive.org/details/budcharacteristi90caro_0
=912  \\$analcatalog
=930  \\$a20150123$b00000000$c00000000
=945  \\$aDigiMet
=945  \\$p22
=946  \\$aUSDA
=959  \\$c2014-05-06$earojas$gap
=959  \\$c2015-01-23$earojas$gurlr
=994  \\$a92$bAGL

