=LDR  01055cam a2200349M  4500
=001  9915441968407426
=005  20240624180618.0
=008  800401s1965\\\\mx\\\\\\\\\\\\000\0\eng\d
=016  7\$aCAT10246942$2DNAL
=035  \\$a208110
=035  \\$a(OCoLC)1289164482
=035  \\$a(DNAL)208110-naldb-Voyager
=040  \\$aAGL$beng$cAGL
=049  \\$aAGLL
=070  \\$aA56.9$bR31 no. 84 1965 Spanish ed.
=072  \0$a8000
=100  1\$aChepil, W. S.
=245  10$aCubiertas protectoras para el control de la erosion por el viento y por el agua.
=250  \\$a[1 ed.$ben espanol.
=260  \\$aMexico,$c1965]
=300  \\$a22 p.$billus.
=591  \\$bNAL Reclamation
=593  \\$fAgricola CAT
=655  \3$aInternet resource.
=700  1\$aChepil, W. S.$tMulches for wind and water erosion control.
=856  41$uhttps://archive.org/details/cubiertasprotect84chep
=912  \\$analcatalog
=930  \\$a20140116$b00000000$c00000000
=945  \\$aDigiMet
=945  \\$p30
=946  \\$aNon-US
=959  \\$c2014-01-15$essouder$gurl
=959  \\$c2014-01-16$earojas$gap
=994  \\$a92$bAGL

