=LDR  01809cam a2200481 a 4500
=001  9915441970907426
=005  20240624180626.0
=008  800401s1968\\\\orua\\\\\b\\\f000\0\eng\d
=016  7\$aCAT10247156$2DNAL
=035  \\$a208524
=035  \\$a(OCoLC)60687611
=035  \\$a(DNAL)208524-naldb-Voyager
=040  \\$aORE$beng$cORE$dMIN$dOCLCO$dOCLCQ$dAGM$dWURST$dOCLCQ$dAGL
=049  \\$aAGLL
=050  \0$aSD143$b.U51 no.89
=070  \\$aA99.9$bF7625U no. 89
=072  \0$a4500
=086  0\$aA 13.79:PNW-89
=100  1\$aEdgren, James W.,$d1929-
=245  10$aPotential damage to forest tree seed during processing, protective treatment, and dissemination /$cby James W. Edgren.
=260  \\$a[Portland, Or.] :$bPacific Northwest Forest and Range Experiment Station, U.S. Forest Service,$c[1968]
=300  \\$a8 pages :$billustrations ;$c28 cm
=336  \\$atext$btxt$2rdacontent
=337  \\$aunmediated$bn$2rdamedia
=338  \\$avolume$bnc$2rdacarrier
=490  1\$aU.S. Forest Service research note PNW ;$v89
=504  \\$aIncludes bibliographical references.
=591  \\$bNAL Reclamation
=593  \\$fAgricola CAT
=650  \0$aDouglas fir$xSeeds$xProcessing.
=650  \0$aDouglas fir$xSeeds$xHandling.
=650  \0$aDouglas fir$xSeeds$xPostharvest technology.
=650  \0$aDouglas fir$xSeeds$xViability.
=650  \3$aSeed germination.
=655  \3$aInternet resource.
=710  2\$aPacific Northwest Forest and Range Experiment Station (Portland, Or.)$0http://id.loc.gov/authorities/names/n80126131
=830  \0$aU.S. Forest Service research note PNW ;$v89.
=856  41$uhttps://archive.org/details/potentialdamaget89edgr
=912  \\$analcatalog
=930  \\$a20140506$b00000000$c00000000
=945  \\$aDigiMet
=945  \\$p12
=946  \\$aUSDA
=959  \\$c2014-05-06$earojas$gap
=994  \\$a92$bAGL

