=LDR  02004cam a2200481Ia 4500
=001  9915441987507426
=005  20240620145955.0
=008  800401s1966\\\\utua\\\\\\\\\f000\0\eng\d
=016  7\$aCAT10234867$2DNAL
=019  \\$a367756829
=035  \\$a208770
=035  \\$a(OCoLC)32180258$z(OCoLC)367756829
=035  \\$a(DNAL)208770-naldb-Voyager
=035  \\$z(OCoLC)367756829
=040  \\$aSDB$beng$cSDB$dMTG$dNUI$dOCLCQ$dOCLCF$dOCLCQ$dOCLCA$dAGL
=043  \\$an-us-ut
=049  \\$aAGLL
=070  \\$aA99.9$bF764Un no. 54
=072  \0$a4500
=086  0\$aA 13.79:INT-54
=100  1\$aTew, Ronald K.
=245  10$aSoil moisture depletion by Gambel oak in northern Utah /$cRonald K. Tew.
=260  \\$aOgden, Utah :$bU.S. Dept. of Agriculture, Forest Service, Intermountain Forest & Range Experiment Station,$c1966.
=300  \\$a6, [1] pages :$billustrations ;$c27 cm.
=336  \\$atext$btxt$2rdacontent
=337  \\$aunmediated$bn$2rdamedia
=338  \\$avolume$bnc$2rdacarrier
=490  1\$aU.S. Forest Service research note INT ;$v54
=591  \\$bNAL Reclamation
=593  \\$fAgricola CAT
=650  \0$aSoil moisture.$0http://id.loc.gov/authorities/subjects/sh85124360
=650  \0$aQuercus gambelii$zUtah.
=651  \7$aUtah.$2fast$0(OCoLC)fst01204563
=655  \3$aInternet resource.
=710  2\$aIntermountain Forest and Range Experiment Station (Ogden, Utah)$0http://id.loc.gov/authorities/names/n79062786
=710  1\$aUnited States.$bForest Service.$0http://id.loc.gov/authorities/names/n79054932
=776  08$iOnline version:$aTew, Ronald K.$tSoil moisture depletion by Gambel oak in northern Utah.$dOgden, Utah : U.S. Dept. of Agriculture, Forest Service, Intermountain Forest & Range Experiment Station, 1966$w(OCoLC)630469060
=830  \0$aU.S. Forest Service research note INT ;$v54.
=856  41$uhttps://archive.org/details/soilmoisturedepl54tewr
=912  \\$analcatalog
=930  \\$a20140604$b00000000$c00000000
=945  \\$aDigiMet
=945  \\$p12
=946  \\$aUSDA
=994  \\$a92$bAGL

