=LDR  01928cam a2200469 a 4500
=001  9915442028807426
=005  20240624180627.0
=008  800401s1968\\\\orua\\\\\b\\\f000\0\eng\d
=016  7\$aCAT10246926$2DNAL
=035  \\$a208077
=035  \\$a(OCoLC)60688980
=035  \\$a(DNAL)208077-naldb-Voyager
=040  \\$aORE$beng$cORE$dMIN$dOCLCF$dOCLCO$dOCLCQ$dAGM$dWURST$dOCLCQ$dAGL
=049  \\$aAGLL
=050  \0$aSD143$b.U51 no.93
=070  \\$aA99.9$bF7625U no. 93
=072  \0$a4500
=086  0\$aA 13.79:PNW-93
=100  1\$aChappelle, Daniel E.$0http://id.loc.gov/authorities/names/n86017639
=245  12$aA computer program for scheduling allowable cut using either area or volume regulation during sequential planning periods /$cby Daniel E. Chappelle and Robert W. Sassaman.
=260  \\$a[Portland, Or.] :$bPacific Northwest Forest and Range Experiment Station, U.S. Forest Service,$c[1968]
=300  \\$a9 pages :$billustrations ;$c28 cm
=336  \\$atext$btxt$2rdacontent
=337  \\$aunmediated$bn$2rdamedia
=338  \\$avolume$bnc$2rdacarrier
=490  1\$aU.S. Forest Service research note PNW ;$v93
=504  \\$aIncludes bibliographical references.
=591  \\$bNAL Reclamation
=593  \\$fAgricola CAT
=650  \0$aForests and forestry$xComputer programs.$0http://id.loc.gov/authorities/subjects/sh85050710
=650  \3$aLogging.
=650  \3$aComputer software.
=655  \3$aInternet resource.
=700  1\$aSassaman, Robert W.$0http://id.loc.gov/authorities/names/n82098124
=710  2\$aPacific Northwest Forest and Range Experiment Station (Portland, Or.)$0http://id.loc.gov/authorities/names/n80126131
=830  \0$aU.S. Forest Service research note PNW ;$v93.
=856  41$uhttps://archive.org/details/computerprogramf93chap
=912  \\$analcatalog
=930  \\$a20140506$b00000000$c00000000
=945  \\$aDigiMet
=945  \\$p14
=946  \\$aUSDA
=959  \\$c2014-05-06$earojas$gap
=994  \\$a92$bAGL

