=LDR  01835cam a2200505Ia 4500
=001  9915442032807426
=005  20240624180621.0
=008  800401s1966\\\\oru\\\\\\b\\\f000\0\eng\d
=016  7\$aCAT10234745$2DNAL
=019  \\$a1231756048
=035  \\$a208533
=035  \\$a(OCoLC)58992820$z(OCoLC)1231756048
=035  \\$a(DNAL)208533-naldb-Voyager
=035  \\$z(OCoLC)1231756048
=040  \\$aORE$beng$cORE$dOCL$dOCLCQ$dMTG$dOCLCF$dOCLCO$dOCLCQ$dSEA$dWURST$dAGM$dAGL
=049  \\$aAGLL
=050  \0$aSD143$b.U51 no.45
=070  \\$aA99.9$bF7625U no. 45
=072  \0$a4500
=086  0\$aA 13.79:PNW-45
=100  1\$aSilen, Roy R.$0http://id.loc.gov/authorities/names/n79085107
=245  12$aA simple, progressive, tree improvement program for Douglas-fir /$cby Roy R. Silen.
=260  \\$aPortland, Or. :$bPacific Northwest Forest and Range Experiment Station, U.S. Dept. of Agriculture,$c[1966]
=300  \\$a13 pages ;$c28 cm.
=336  \\$atext$btxt$2rdacontent
=337  \\$aunmediated$bn$2rdamedia
=338  \\$avolume$bnc$2rdacarrier
=490  1\$aU.S. Forest Service research note PNW ;$v45
=504  \\$aIncludes bibliographical references.
=591  \\$bNAL Reclamation
=593  \\$fAgricola CAT
=650  \0$aDouglas fir$xBreeding.
=650  \0$aDouglas fir$xGenetics.
=650  \3$aPseudotsuga menziesii.
=650  \3$aTree breeding.
=650  \3$aGenetics.
=655  \3$aInternet resource.
=710  2\$aPacific Northwest Forest and Range Experiment Station (Portland, Or.)$0http://id.loc.gov/authorities/names/n80126131
=830  \0$aU.S. Forest Service research note PNW ;$v45.
=856  41$uhttps://archive.org/details/simpleprogressiv45sile
=912  \\$analcatalog
=930  \\$a20140506$b00000000$c00000000
=945  \\$aDigiMet
=945  \\$p18
=946  \\$aUSDA
=959  \\$c2014-05-06$earojas$gap
=994  \\$a92$bAGL

