=LDR  02221cam a2200493Ia 4500
=001  9915442042707426
=005  20240620150024.0
=008  800401s1967\\\\utua\\\\\b\\\f000\0\eng\d
=016  7\$aCAT10234636$2DNAL
=035  \\$a208317
=035  \\$a(OCoLC)32180247
=035  \\$a(DNAL)208317-naldb-Voyager
=040  \\$aSDB$beng$cSDB$dMTG$dOCLCQ$dOCLCO$dOCLCQ$dSEA$dOCLCF$dOCLCA$dAGL
=043  \\$an-us-id
=049  \\$aAGLL
=070  \\$aA99.9$bF764Un no. 56
=072  \0$a4500
=086  0\$aA 13.79:INT-56
=100  1\$aRyker, Russell A.$0http://id.loc.gov/authorities/names/n82208797
=245  10$aThinning and fertilizing increase growth in a western white pine seed production area /$cRussell A. Ryker and Robert D. Pfister.
=260  \\$aOgden, Utah :$bU.S. Dept. of Agriculture, Forest Service, Intermountain Forest & Range Experiment Station,$c1967.
=300  \\$a3 pages :$billustrations ;$c27 cm.
=336  \\$atext$btxt$2rdacontent
=337  \\$aunmediated$bn$2rdamedia
=338  \\$avolume$bnc$2rdacarrier
=490  1\$aU.S. Forest Service research note INT ;$v56
=504  \\$aIncludes bibliographical references.
=591  \\$bNAL Reclamation
=593  \\$fAgricola CAT
=650  \0$aWestern white pine$xThinning.
=650  \0$aWestern white pine$xFertilizers.
=650  \0$aWestern white pine$zIdaho.
=651  \7$aIdaho.$2fast$0(OCoLC)fst01211709
=655  \3$aInternet resource.
=700  1\$aPfister, Robert D.$0http://id.loc.gov/authorities/names/n83024616
=710  2\$aIntermountain Forest and Range Experiment Station (Ogden, Utah)$0http://id.loc.gov/authorities/names/n79062786
=710  1\$aUnited States.$bForest Service.$0http://id.loc.gov/authorities/names/n79054932
=776  08$iOnline version:$aRyker, Russell A.$tThinning and fertilizing increase growth in a western white pine seed production area.$dOgden, Utah : U.S. Dept. of Agriculture, Forest Service, Intermountain Forest & Range Experiment Station, 1967$w(OCoLC)630420745
=830  \0$aU.S. Forest Service research note INT ;$v56.
=856  41$uhttps://archive.org/details/thinningfertiliz56ryke
=912  \\$analcatalog
=930  \\$a20140604$b00000000$c00000000
=945  \\$aDigiMet
=945  \\$p8
=946  \\$aUSDA
=994  \\$a92$bAGL

