=LDR  01980cam a2200505Ia 4500
=001  9915442044507426
=005  20240620150024.0
=008  800401s1966\\\\utua\\\\\\\\\f000\0\eng\d
=016  7\$aCAT10234717$2DNAL
=035  \\$a208477
=035  \\$a(OCoLC)32214636
=035  \\$a(DNAL)208477-naldb-Voyager
=040  \\$aSDB$beng$cSDB$dNUI$dOCLCQ$dOKS$dOCLCF$dOCLCQ$dAGM$dOCLCA$dAGL
=043  \\$an-us-mt
=049  \\$aAGLL
=070  \\$aA99.9$bF764Un no. 52
=072  \0$a4500
=086  0\$aA 13.79:INT-52
=100  1\$aShearer, Raymond C.
=245  10$aDevelopment of ponderosa pine progeny in western Montana /$cRaymond C. Shearer.
=260  \\$aOgden, Utah :$bU.S. Dept. of Agriculture, Forest Service, Intermountain Forest & Range Experiment Station,$c1966.
=300  \\$a4 pages :$billustrations ;$c27 cm.
=336  \\$atext$btxt$2rdacontent
=337  \\$aunmediated$bn$2rdamedia
=338  \\$avolume$bnc$2rdacarrier
=490  1\$aU.S. Forest Service research note INT ;$v52
=591  \\$bNAL Reclamation
=593  \\$fAgricola CAT
=650  \0$aPonderosa pine$xBreeding.
=650  \0$aPonderosa pine$xSeeds.
=650  \0$aPonderosa pine$zMontana.
=650  \3$aPinus ponderosa.
=650  \3$aplant development.
=650  \3$aprogeny testing.
=651  \3$aMontana.
=651  \7$aMontana.$2fast$0(OCoLC)fst01207555
=655  \3$aInternet resource.
=710  2\$aIntermountain Forest and Range Experiment Station (Ogden, Utah)$0http://id.loc.gov/authorities/names/n79062786
=776  08$iOnline version:$aShearer, Raymond C.$tDevelopment of ponderosa pine progeny in western Montana.$dOgden, Utah : U.S. Dept. of Agriculture, Forest Service, Intermountain Forest & Range Experiment Station, 1966$w(OCoLC)630662613
=830  \0$aU.S. Forest Service research note INT ;$v52.
=856  41$uhttps://archive.org/details/developmentofpon52shea
=912  \\$analcatalog
=930  \\$a20140604$b00000000$c00000000
=945  \\$aDigiMet
=945  \\$p8
=946  \\$aUSDA
=994  \\$a92$bAGL

