=LDR  02427cam a2200469Ia 4500
=001  9915442053407426
=005  20240620150016.0
=008  800401s1966\\\\utua\\\\\b\\\f000\0\eng\d
=016  7\$aCAT10234609$2DNAL
=035  \\$a208266
=035  \\$a(OCoLC)32214652
=035  \\$a(DNAL)208266-naldb-Voyager
=040  \\$aSDB$beng$cSDB$dNUI$dOCLCQ$dSEA$dOCLCO$dAGM$dAGL
=049  \\$aAGLL
=070  \\$aA99.9$bF764Un no. 49
=072  \0$a4500
=086  0\$aA 13.79:INT-49
=100  1\$aRoe, Arthur L.$q(Arthur Lawrence),$d1909-2006.$0http://id.loc.gov/authorities/names/no99000989
=245  12$aA procedure for forecasting western larch seed crops /$cArthur L. Roe.
=260  \\$aOgden, Utah :$bU.S. Dept. of Agriculture, Forest Service, Intermountain Forest & Range Experiment Station,$c1966.
=300  \\$a7 pages :$billustrations ;$c27 cm.
=336  \\$atext$btxt$2rdacontent
=337  \\$aunmediated$bn$2rdamedia
=338  \\$avolume$bnc$2rdacarrier
=490  1\$aU.S. Forest Service research note INT ;$v49
=504  \\$aIncludes bibliographical references.
=520  \\$a"Successful regeneration depends upon good coordination between seed production and seedbed preparation. To aid forest managers in scheduling seedbed preparation, a simple sequential sampling plan for estimating potential cone crops as much as a year in advance of the seed fall was developed and is described herein. With advance knowledge of the cone crop prospects, the manager can schedule seedbed preparation or select an alternative action such as postponing work or substituting planting."
=591  \\$bNAL Reclamation
=593  \\$fAgricola CAT
=650  \0$aWestern larch$xForecasting.
=650  \0$aWestern larch$xSeeds.
=650  \3$aLarix occidentalis.
=655  \3$aInternet resource.
=710  2\$aIntermountain Forest and Range Experiment Station (Ogden, Utah)$0http://id.loc.gov/authorities/names/n79062786
=776  08$iOnline version:$aRoe, Arthur L.$tProcedure for forecasting western larch seed crops.$dOgden, Utah : U.S. Dept. of Agriculture, Forest Service, Intermountain Forest & Range Experiment Station, 1966$w(OCoLC)630425831
=830  \0$aU.S. Forest Service research note INT ;$v49.
=856  41$uhttps://archive.org/details/procedureforfore49roea
=912  \\$analcatalog
=930  \\$a20140603$b00000000$c00000000
=939  \\$a20080929$b20081011$c00000000
=945  \\$aDigiMet
=945  \\$p12
=946  \\$aUSDA
=994  \\$a92$bAGL

