=LDR  02117cam a2200481Ia 4500
=001  9915442068807426
=005  20240620150009.0
=008  800401s1966\\\\utua\\\\\\\\\f000\0\eng\d
=016  7\$aCAT10234718$2DNAL
=035  \\$a208479
=035  \\$a(OCoLC)401140602
=035  \\$a(DNAL)208479-naldb-Voyager
=040  \\$aMNU$beng$cMNU$dMTG$dOCLCF$dOCLCQ$dSEA$dAGM$dOCLCA$dAGL
=043  \\$an-us-mt
=049  \\$aAGLL
=070  \\$aA99.9$bF764Un no. 53
=072  \0$a4500
=086  0\$aA 13.79:INT-53
=100  1\$aShearer, Raymond C.$0http://id.loc.gov/authorities/names/n83128549
=245  10$aPerformance of 14-year-old Pinus ponderosa hybrids in Western Montana /$cRaymond C. Shearer.
=246  3\$aPerformance of fourteen-year-old Pinus ponderosa hybrids in Western Montana
=260  \\$aOgden, Utah :$bIntermountain Forest and Range Experiment Station, Forest Service, United States Department of Agriculture,$c1966.
=300  \\$a4 pages :$billustrations ;$c27 cm.
=336  \\$atext$btxt$2rdacontent
=337  \\$aunmediated$bn$2rdamedia
=338  \\$avolume$bnc$2rdacarrier
=490  1\$aU.S. Forest Service research note INT ;$v53
=591  \\$bNAL Reclamation
=593  \\$fAgricola CAT
=650  \0$aPonderosa pine$zMontana.
=650  \3$aPinus ponderosa.
=650  \3$ahybrids.
=651  \7$aMontana.$2fast$0(OCoLC)fst01207555
=655  \3$aInternet resource.
=710  1\$aUnited States.$bForest Service.$0http://id.loc.gov/authorities/names/n79054932
=710  2\$aIntermountain Forest and Range Experiment Station (Ogden, Utah)$0http://id.loc.gov/authorities/names/n79062786
=776  08$iOnline version:$aShearer, Raymond C.$tPerformance of 14-year-old Pinus ponderosa hybrids in Western Montana.$dOgden, Utah : Intermountain Forest and Range Experiment Station, Forest Service, United States Department of Agriculture, 1966$w(OCoLC)905588293
=830  \0$aU.S. Forest Service research note INT ;$v53.
=856  41$uhttps://archive.org/details/performanceof14y53shea
=912  \\$analcatalog
=930  \\$a20140604$b00000000$c00000000
=945  \\$aDigiMet
=945  \\$p8
=946  \\$aUSDA
=994  \\$a92$bAGL

