=LDR  01860cam a2200493 a 4500
=001  9915442070707426
=005  20240624180619.0
=008  800401s1966\\\\paua\\\\\\\\\f000\0\eng\d
=016  7\$aCAT10234724$2DNAL
=035  \\$a208491
=035  \\$a(OCoLC)310971662
=035  \\$a(DNAL)208491-naldb-Voyager
=040  \\$aMTG$beng$cMTG$dMTG$dNUI$dOCLCA$dPHA$dOCLCF$dOCLCQ$dCOD$dOCLCA$dOCL$dAGM$dOCLCA$dOCLCQ$dAGL
=049  \\$aAGLL
=050  \0$aSD11$b.A4550 NE-49
=070  \\$aA99.9$bF7622U no. 49
=072  \0$a4500
=086  0\$aA 13.79:NE-49
=100  1\$aShigo, Alex L.,$d1930-$0http://id.loc.gov/authorities/names/n81111968
=245  10$aDefects in birch associated with injuries made by Xyloterinus politus Say /$c[Alex L. Shigo].
=260  \\$aUpper Darby, Pa :$bNortheastern Forest Experiment Station, Forest Service, U.S. Dept. of Agriculture,$c1966.
=300  \\$a7 pages :$billustrations ;$c25 cm
=336  \\$atext$btxt$2rdacontent
=337  \\$aunmediated$bn$2rdamedia
=338  \\$avolume$bnc$2rdacarrier
=490  1\$aU.S. Forest Service research note ;$vNE-49
=530  \\$aAlso available online.
=591  \\$bNAL Reclamation
=593  \\$fAgricola CAT
=650  \0$aAmbrosia beetles.$0http://id.loc.gov/authorities/subjects/sh85004168
=650  \0$aBirch$xDiseases and pests.$0http://id.loc.gov/authorities/subjects/sh85014282
=650  \3$awood defects.
=650  \3$aBetula.
=650  \3$aCurculionidae.
=655  \3$aInternet resource.
=710  2\$aNortheastern Forest Experiment Station (Radnor, Pa.)
=830  \0$aU.S. Forest Service research note NE ;$v49.
=856  41$uhttps://archive.org/details/defectsinbirchas49shig
=912  \\$analcatalog
=930  \\$a20140116$b00000000$c00000000
=945  \\$aDigiMet
=945  \\$p12
=946  \\$aUSDA
=959  \\$c2014-01-15$essouder$gurl
=959  \\$c2014-01-16$earojas$gap
=994  \\$a92$bAGL

