=LDR  01859cam a2200541 a 4500
=001  9915442071407426
=005  20240624180617.0
=008  800401s1966\\\\pau\\\\\\\\\\f000\0\eng\d
=016  7\$aCAT10234506$2DNAL
=035  \\$a208069
=035  \\$a(OCoLC)310971626
=035  \\$a(DNAL)208069-naldb-Voyager
=040  \\$aMTG$beng$cMTG$dMTG$dNUI$dOCLCA$dPHA$dOCLCF$dOCLCQ$dAGM$dOCLCA$dOCLCQ$dOCLCO$dAGL
=043  \\$an-us-de$an-us-md
=049  \\$aAGLL
=050  \0$aSD11$b.A4550 NE-48
=070  \\$aA99.9$bF7622U no. 48
=072  \0$a4500
=086  0\$aA 13.79:NE-48
=100  1\$aPhillips, John J.
=245  10$aSite index of Delaware-Maryland sweetgum stands in relation to soil characteristics /$c[John J. Phillips].
=260  \\$aUpper Darby, Pa. :$bNortheastern Forest Experiment Station, Forest Service, U.S. Dept. of Agriculture,$c1966.
=300  \\$a5 pages ;$c25 cm
=336  \\$atext$btxt$2rdacontent
=337  \\$aunmediated$bn$2rdamedia
=338  \\$avolume$bnc$2rdacarrier
=490  1\$aU.S. Forest Service research note ;$vNE-48
=530  \\$aAlso available online.
=591  \\$bNAL Reclamation
=593  \\$fAgricola CAT
=650  \0$aSweetgum$zDelaware.
=650  \0$aSweetgum$zMaryland.
=650  \3$aLiquidambar styraciflua.
=650  \3$asoil properties.
=651  \3$aDelaware
=651  \3$aMaryland
=651  \7$aDelaware.$2fast$0(OCoLC)fst01204929
=651  \7$aMaryland.$2fast$0(OCoLC)fst01204739
=655  \3$aInternet resource.
=710  2\$aNortheastern Forest Experiment Station (Radnor, Pa.)
=830  \0$aForest Service research note NE ;$v48.
=856  41$uhttps://archive.org/details/siteindexofdelaw48phil
=912  \\$analcatalog
=930  \\$a20140116$b00000000$c00000000
=945  \\$aDigiMet
=945  \\$p12
=946  \\$aUSDA
=959  \\$c2014-01-15$essouder$gurl
=959  \\$c2014-01-16$earojas$gap
=994  \\$a92$bAGL

