=LDR  01132cam a2200361M  4500
=001  9915442075007426
=005  20240624180625.0
=008  800401s1966\\\\xx\\\\\\\\\\\f000\0\eng\d
=016  7\$aCAT10234790$2DNAL
=035  \\$a208621
=035  \\$a(OCoLC)631106360
=035  \\$a(DNAL)208621-naldb-Voyager
=040  \\$aU3G$beng$cU3G$dOCLCO$dOCLCQ
=049  \\$aAGLL
=070  \\$aA99.9$bF764Ub no. 6
=072  \0$a4500
=110  2\$aIntermountain Forest and Range Experiment Station (Ogden, Utah)$0http://id.loc.gov/authorities/names/n79062786
=245  10$aArizona's Forests.
=260  \\$c1966.
=300  \\$a56 pages.
=336  \\$atext$btxt$2rdacontent
=337  \\$aunmediated$bn$2rdamedia
=338  \\$avolume$bnc$2rdacarrier
=490  1\$aUSDA Forest Service Resource Bulletin INT.$v6
=591  \\$bNAL Reclamation
=700  1\$aSpencer, J. S.
=830  \0$aUSDA Forest Service resource bulletin INT ;$v6.
=856  41$uhttps://archive.org/details/arizonasforests06spen
=912  \\$analcatalog
=930  \\$a20140603$b00000000$c00000000
=945  \\$aDigiMet
=945  \\$p72
=946  \\$aUSDA
=959  \\$c2013-02-28$edcollins$gap
=994  \\$a92$bAGL

