=LDR  01863cam a2200493Ia 4500
=001  9915442117007426
=005  20240624180620.0
=008  800401s1968\\\\paua\\\\\b\\\f000\0\eng\d
=016  7\$aCAT10247149$2DNAL
=035  \\$a208510
=035  \\$a(OCoLC)311601835
=035  \\$a(DNAL)208510-naldb-Voyager
=040  \\$aMTG$beng$cMTG$dMTG$dOCLCQ$dPHA$dOCLCF$dOCLCQ$dSEA$dAGM$dOCLCA$dAGL
=043  \\$an-us---
=049  \\$aAGLL
=070  \\$aA99.9$bF7622U no. 88
=072  \0$a7500
=086  0\$aA 13.79:NE-88
=100  1\$aEchelberger, Herbert E.$0http://id.loc.gov/authorities/names/n83188957
=245  10$aSome managers' viewpoints on campers and campground operation /$c[Herbert E. Echelberger, and Elwood L. Shafer, Jr.]
=260  \\$aUpper Darby, Pa. :$bNortheastern Forest Experiment Station, Forest Service, U.S. Dept. of Agriculture,$c1968.
=300  \\$a6 pages :$billustrations ;$c25 cm.
=336  \\$atext$btxt$2rdacontent
=337  \\$aunmediated$bn$2rdamedia
=338  \\$avolume$bnc$2rdacarrier
=490  1\$aU.S. Forest Service research note ;$vNE-88
=504  \\$aIncludes bibliographical references.
=530  \\$aAlso available online.
=591  \\$bNAL Reclamation
=593  \\$fAgricola CAT
=650  \0$aCamp sites, facilities, etc.$zUnited States.
=650  \3$aCampgrounds.
=651  \7$aUnited States.$2fast$0(OCoLC)fst01204155
=655  \3$aInternet resource.
=700  1\$aShafer, Elwood L.$0http://id.loc.gov/authorities/names/n87831524
=710  2\$aNortheastern Forest Experiment Station (Radnor, Pa.)
=830  \0$aForest Service research note NE ;$v88.
=856  41$uhttps://archive.org/details/somemanagersview88eche
=912  \\$analcatalog
=930  \\$a20140116$b00000000$c00000000
=945  \\$aDigiMet
=945  \\$p12
=946  \\$aUSDA
=959  \\$c2014-01-15$essouder$gurl
=959  \\$c2014-01-16$earojas$gap
=994  \\$a92$bAGL

