=LDR  01676cam a2200481 i 4500
=001  9915442126207426
=005  20240624180623.0
=008  800401s1966\\\\dcua\\\\\\\\\f000\0\eng\d
=016  7\$aCAT10234924$2DNAL
=035  \\$a208875
=035  \\$a(OCoLC)19097116
=035  \\$a(DNAL)208875-naldb-Voyager
=040  \\$aVXG$beng$erda$cVXG$dOCLCQ$dOCLCF$dOCLCQ$dOCLCO$dAGL$dKUK$dOCLCO$dOCLCQ
=043  \\$an-us---
=049  \\$aAGLL
=050  \0$aSB981$b.U5
=070  0\$aA464.479$bR31 no. 5
=072  \0$a7000
=086  0\$aA 77.15:82-5
=110  1\$aUnited States.$bPlant Quarantine Division.$0http://id.loc.gov/authorities/names/n82115283
=245  12$aA reference guide to quarantines and regulations administered by the Plant Quarantine Division.
=264  \1$a[Washington] :$bAgricultural Research Service, United States Department of Agriculture,$c1966.
=300  \\$a26 pages :$billustrations ;$c26 cm
=336  \\$atext$btxt$2rdacontent
=337  \\$aunmediated$bn$2rdamedia
=338  \\$avolume$bnc$2rdacarrier
=490  1\$aARS 82 ;$v5
=530  \\$aAlso available on the Internet.
=591  \\$bNAL Reclamation
=593  \\$fAgricola CAT
=650  \0$aPlant quarantine$zUnited States.
=651  \7$aUnited States.$2fast$0(OCoLC)fst01204155
=655  \3$aInternet resource.
=830  \0$aARS 82 ;$v5.
=856  41$uhttps://archive.org/details/referenceguideto05unit
=912  \\$analcatalog
=930  \\$a20201023$b00000000$c00000000
=939  \\$a20140411$b20140502$c00000000
=939  \\$a20131022$b20131101$c00000000
=945  \\$aDigiMet
=945  \\$p32
=946  \\$aUSDA
=959  \\$c2013-10-22$essouder$gurl
=959  \\$c2020-10-23$ecbarone$gother
=994  \\$a92$bAGL

