=LDR  01975cam a2200457 a 4500
=001  9915442130007426
=005  20240620150027.0
=008  800401s1966\\\\utua\\\\\b\\\f000\0\eng\d
=016  7\$aCAT10234670$2DNAL
=035  \\$a208384
=035  \\$a(OCoLC)401144647
=035  \\$a(DNAL)208384-naldb-Voyager
=040  \\$aMNU$beng$cMNU$dMTG$dNUI$dOCLCQ$dAGM$dOCLCQ$dAGL
=049  \\$aAGLL
=070  \\$aA99.9$bF764Un no. 50
=072  \0$a4500
=086  0\$aA 13.79:INT-50
=100  1\$aSchmidt, Wyman C.,$d1929-2018.$0http://id.loc.gov/authorities/names/n81029670
=245  10$aGrowth opportunities for young western larch /$cWyman C. Schmidt.
=260  \\$aOgden, Utah :$bIntermountain Forest and Range Experiment Station, Forest Service, United States Department of Agriculture,$c1966.
=300  \\$a4 pages :$billustrations ;$c27 cm
=336  \\$atext$btxt$2rdacontent
=337  \\$aunmediated$bn$2rdamedia
=338  \\$avolume$bnc$2rdacarrier
=490  1\$aU.S. Forest Service research note INT ;$v50
=504  \\$aIncludes bibliographical references (page 4).
=591  \\$bNAL Reclamation
=593  \\$fAgricola CAT
=650  \0$aWestern larch$xGrowth.
=650  \3$aLarix occidentalis.
=650  \3$astand density.
=655  \3$aInternet resource.
=710  2\$aIntermountain Forest and Range Experiment Station (Ogden, Utah)$0http://id.loc.gov/authorities/names/n79062786
=710  1\$aUnited States.$bForest Service.$0http://id.loc.gov/authorities/names/n79054932
=776  08$iOnline version:$aSchmidt, Wyman C., 1929-$tGrowth opportunities for young western larch.$dOgden, Utah : Intermountain Forest and Range Experiment Station, Forest Service, United States Department of Agriculture, 1966$w(OCoLC)905588282
=830  \0$aU.S. Forest Service research note INT ;$v50.
=856  41$uhttps://archive.org/details/growthopportunit50schm
=912  \\$analcatalog
=930  \\$a20140604$b00000000$c00000000
=945  \\$aDigiMet
=945  \\$p8
=946  \\$aUSDA
=994  \\$a92$bAGL

