=LDR  01986cam a2200529Ia 4500
=001  9915442141607426
=005  20240620150033.0
=008  030819s1960\\\\ncuab\\\\b\\\f000\0\eng\d
=016  7\$aCAT11137209$2DNAL
=019  \\$a1039868982$a1231751389
=035  \\$a903988
=035  \\$a(OCoLC)51042824$z(OCoLC)1039868982$z(OCoLC)1231751389
=035  \\$a(DNAL)903988-naldb-Voyager
=035  \\$z(OCoLC)1039868982$z(OCoLC)1231751389
=040  \\$aMEU$beng$cMEU$dOCLCQ$dAGL$dOCLCQ$dMTG$dOCLCF$dOCLCQ$dOCLCA$dAGM
=049  \\$aAGLL
=050  \0$aSB945.N3$bY37 1960
=070  0\$a1.9622$bS4St2 no. 115
=072  \0$aF821
=072  \0$aK001
=086  0\$aA 13.63/9:115
=100  1\$aYates, Harry O.$0http://id.loc.gov/authorities/names/n82005837
=245  14$aThe Nantucket pine moth :$ba literature review /$cby Harry O. Yates.
=260  \\$aAsheville, NC :$bU.S. Dept. of Agriculture, Forest Service, Southeastern Forest Experiment Station,$c[1960]
=300  \\$a19 pages :$billustrations, map ;$c27 cm.
=336  \\$atext$btxt$2rdacontent
=337  \\$aunmediated$bn$2rdamedia
=338  \\$avolume$bnc$2rdacarrier
=490  1\$aStation paper ;$vno. 115
=504  \\$aIncludes bibliographical references (pages 18-19).
=591  \\$bNAL Reclamation
=593  \\$fAgricola CAT
=650  \0$aNantucket pine tip moth.$0http://id.loc.gov/authorities/subjects/sh85089700
=650  \3$aRhyacionia.
=650  \3$aRhyacionia frustrana.
=650  \3$ainsect pests.
=650  \3$ainsect control.
=655  \3$aInternet resource.
=710  2\$aSoutheastern Forest Experiment Station (Asheville, N.C.)
=830  \0$aStation paper (Southeastern Forest Experiment Station (Asheville, N.C.)) ;$vno. 115.
=856  41$uhttps://archive.org/details/nantucketpinemot115yate
=912  \\$analcatalog
=930  \\$a20140702$b20140807$c00000000
=939  \\$a20030903$b20030905$c00000000
=945  \\$dARS$e2003/08/19$fRY$g2003/08/19$n1
=945  \\$p30
=945  \\$aDigiMet
=946  \\$aUSDA
=994  \\$a92$bAGL

