=LDR  01870cam a2200493Ia 4500
=001  9915442262807426
=005  20240620150049.0
=008  030819s1960\\\\ncuab\\\\b\\\f000\0\eng\d
=016  7\$aCAT11137203$2DNAL
=035  \\$a903982
=035  \\$a(OCoLC)50542660
=035  \\$a(DNAL)903982-naldb-Voyager
=040  \\$aVXG$beng$cVXG$dAGL$dOCLCG$dKLG$dMTG$dOCLCF$dOCLCQ$dAGM
=049  \\$aAGLL
=050  \0$aSD144.A15$bS73 no. 111
=070  0\$a1.9622$bS4St2 no. 111
=072  \0$aK100
=086  0\$aA 13.63/9:111
=100  1\$aNelson, Thomas C.$q(Thomas Charles),$d1923-1985.$0http://id.loc.gov/authorities/names/n94054260
=245  10$aSilvical characteristics of bitternut hickory (Carya cordiformis (Wangenh.) K. Koch) /$cby Thomas C. Nelson.
=260  \\$aAsheville, N.C. :$bU.S. Dept. of Agriculture, Forest Service, Southeastern Forest Experiment Station,$c[1960]
=300  \\$a9 pages :$billustrations, map ;$c27 cm.
=336  \\$atext$btxt$2rdacontent
=337  \\$aunmediated$bn$2rdamedia
=338  \\$avolume$bnc$2rdacarrier
=490  1\$aStation paper ;$vno. 111
=504  \\$aIncludes bibliographical references (pages 8-9).
=591  \\$bNAL Reclamation
=593  \\$fAgricola CAT
=650  \0$aBitternut hickory.$0http://id.loc.gov/authorities/subjects/sh2006002888
=650  \3$aCarya cordiformis.
=650  \3$aplant physiology.
=650  \3$alife history.
=650  \3$aforest management.
=650  \3$astand characteristics.
=655  \3$aInternet resource.
=830  \0$aStation paper (Southeastern Forest Experiment Station (Asheville, N.C.)) ;$vno. 111.
=856  41$uhttps://archive.org/details/silvicalcharacte111nels
=912  \\$analcatalog
=930  \\$a20140702$b20140807$c00000000
=939  \\$a20030903$b20030905$c00000000
=945  \\$dARS$e2003/08/19$fRY$g2003/08/19$n1
=945  \\$p16
=945  \\$aDigiMet
=946  \\$aUSDA
=994  \\$a92$bAGL

