=LDR  01999cam a2200541Ia 4500
=001  9915442282907426
=005  20240620150111.0
=008  030819s1960\\\\ncuab\\\\b\\\f000\0\eng\d
=016  7\$aCAT11137204$2DNAL
=035  \\$a903983
=035  \\$a(OCoLC)50542777
=035  \\$a(DNAL)903983-naldb-Voyager
=040  \\$aVXG$beng$cVXG$dAGL$dKLG$dMTG$dOCLCQ$dNOC$dOCLCF$dAGM$dOCLCA
=049  \\$aAGLL
=050  \0$aSD144.A15$bS73 no. 110
=070  0\$a1.9622$bS4St2 no. 110
=072  \0$aK100
=086  0\$aA 13.63/9:110
=100  1\$aLotti, Thomas.
=245  10$aSilvical characteristics of swamp chestnut oak (Quercus michauxii Nutt.) /$cby Thomas Lotti.
=260  \\$aAsheville, N.C. :$bU.S. Dept. of Agriculture, Forest Service, Southeastern Forest Experiment Station,$c[1960]
=300  \\$a8 pages :$billustrations, map ;$c27 cm.
=336  \\$atext$btxt$2rdacontent
=337  \\$aunmediated$bn$2rdamedia
=338  \\$avolume$bnc$2rdacarrier
=490  1\$aStation paper ;$vno. 110
=504  \\$aIncludes bibliographical references (page 8).
=591  \\$bNAL Reclamation
=593  \\$fAgricola CAT
=650  \0$aQuercus michauxii.
=650  \0$aOak.$0http://id.loc.gov/authorities/subjects/sh85093565
=650  \3$aQuercus.
=650  \3$astand characteristics.
=650  \3$aforest management.
=650  \3$alife history.
=650  \3$asilvicultural systems.
=650  \3$aplant ecology.
=655  \3$aInternet resource.
=710  1\$aUnited States.$bDepartment of Agriculture.
=710  2\$aSoutheastern Forest Experiment Station (Asheville, N.C.)$0http://id.loc.gov/authorities/names/n79063970
=830  \0$aStation paper (Southeastern Forest Experiment Station (Asheville, N.C.)) ;$vno. 110.
=856  41$uhttps://archive.org/details/silvicalcharacte110lott
=912  \\$analcatalog
=930  \\$a20140702$b20140807$c00000000
=939  \\$a20030903$b20030905$c00000000
=945  \\$dARS$e2003/08/19$fRY$g2003/08/19$n1
=945  \\$p16
=945  \\$aDigiMet
=946  \\$aUSDA
=994  \\$a92$bAGL

