=LDR  01969cam a2200493 a 4500
=001  9915442354507426
=005  20240620150129.0
=008  980904s1957\\\\dcua\\\\\b\\\f000\0\eng\d
=016  7\$aCAT10854313$2DNAL
=035  \\$a819602
=035  \\$a(OCoLC)31598228
=035  \\$a(DNAL)819602-naldb-Voyager
=040  \\$aMUU$beng$cMUU$dOCL$dAGL$dIUL$dOCLCQ$dPHA$dNUI$dOCLCF$dOCLCQ$dNOC$dOCLCQ
=043  \\$ae------
=049  \\$aAGLL
=050  \0$aS21$b.F6 102
=070  0\$a1.943$bF763 no.102
=072  \0$aE100
=086  0\$aA 67.16:102
=100  1\$aFriedmann, Karen Juul,$d1907-
=245  10$aTechnological factors in the expansion of agricultural production in West Europe /$c[by Karen J. Friedmann, Lois B. Bacon, and J.H. Richter].
=260  \\$aWashington, D.C. :$bU.S. Dept. of Agriculture, Foreign Agricultural Service,$c[1957]
=300  \\$aiv, 54 pages :$billustrations ;$c24 cm
=336  \\$atext$btxt$2rdacontent
=337  \\$aunmediated$bn$2rdamedia
=338  \\$avolume$bnc$2rdacarrier
=490  1\$aForeign agriculture report ;$vno. 102
=504  \\$aIncludes bibliographical references (pages 51-54).
=591  \\$bNAL Reclamation
=593  \\$fAgricola CAT
=650  \0$aAgriculture$xEconomic aspects$zEurope.
=651  \7$aEurope.$2fast$0(OCoLC)fst01245064
=655  \3$aInternet resource.
=700  1\$aBacon, L. B.$q(Lois Bigelow),$d1904-$0http://id.loc.gov/authorities/names/no2004022846
=700  1\$aRichter-Altschaffer, J. H.$q(John Hans),$d1901-$0http://id.loc.gov/authorities/names/no97024901
=710  1\$aUnited States.$bForeign Agricultural Service.$0http://id.loc.gov/authorities/names/n80126196
=830  \0$aForeign agriculture report ;$vno. 102.
=856  41$uhttps://archive.org/details/technologicalfac102frie
=912  \\$analcatalog
=930  \\$a20140505$b20140606$c00000000
=939  \\$a19981001$b19981008$c00000000
=945  \\$dDF$e98/09/03$fAR$g98/09/04$n1
=945  \\$p64
=945  \\$aDigiMet
=946  \\$aUSDA
=994  \\$a92$bAGL

