=LDR  01925cam a2200505 a 4500
=001  9915442410407426
=005  20240624180638.0
=008  980904s1976\\\\dcu\\\\\\b\\\f000\0\eng\\
=016  7\$aCAT10854332$2DNAL
=035  \\$a819609
=035  \\$a(OCoLC)39749903
=035  \\$a(DNAL)819609-naldb-Voyager
=040  \\$aAGL$beng$cAGL$dIUL$dOCLCQ$dAGL$dOCLCO$dOCLCQ$dOCLCF$dOCLCO$dOCLCQ
=043  \\$an-us---
=049  \\$aAGLL
=070  0\$aA280.29$bF22I no.100
=072  \0$aD500
=086  0\$aA 89.15:100/SEC.3
=100  1\$aHulbert, L. S.$q(Lyman Spaudling),$d1886-
=245  10$aAntitrust laws /$c[prepared by Lyman S. Hulbert].
=260  \\$aWashington, D.C. :$bFarmer Cooperative Service, U.S. Dept. of Agriculture,$c[1976]
=300  \\$av, pages 265-321 ;$c23 cm
=336  \\$atext$btxt$2rdacontent
=337  \\$aunmediated$bn$2rdamedia
=338  \\$avolume$bnc$2rdacarrier
=490  1\$aLegal phases of farmer cooperatives ;$v3
=490  1\$aInformation / Farmer Cooperative Service, U.S. Department of Agriculture ;$v100
=504  \\$aIncludes bibliographical references.
=591  \\$bNAL Reclamation
=593  \\$fAgricola CAT
=650  \0$aAntitrust law$zUnited States.
=651  \7$aUnited States.$2fast$0(OCoLC)fst01204155
=655  \3$aInternet resource.
=776  08$iOnline version:$aHulbert, L.S. (Lyman Spaudling), 1886-$tAntitrust laws.$dWashington, D.C. : Farmer Cooperative Service, U.S. Dept. of Agriculture, [1976]$w(OCoLC)1134563588
=830  \0$aLegal phases of farmer cooperatives ;$v3.
=830  \0$aFCS information ;$vno. 100.
=856  41$uhttps://archive.org/details/antitrustlaws100hulb
=912  \\$analcatalog
=930  \\$a20140305$b20140404$c00000000
=939  \\$a20100628$b20100703$c00000000
=939  \\$a19981001$b19981008$c00000000
=945  \\$dRLG$e98/08/26$fAR$g98/09/04$n1
=945  \\$p72
=945  \\$aDigiMet
=946  \\$aUSDA
=959  \\$c2010-06-28$earojas$gap
=994  \\$a92$bAGL

