=LDR  02852cam a2200661 a 4500
=001  9915442433207426
=005  20240620151213.0
=008  980903s1998\\\\pauab\\\\bs\\f000\0\eng\\
=010  \\$a   98194171 
=016  7\$aCAT10854288$2DNAL
=035  \\$a819588
=035  \\$a(OCoLC)39793515
=035  \\$a(DNAL)819588-naldb-Voyager
=040  \\$aAGL$beng$cDLC$dOCL$dBTCTA$dORE$dOCLCO$dOCLCF$dOCLCQ$dCOD$dAGM$dOCLCA$dAGL
=042  \\$alccopycat
=043  \\$an-us-ny
=049  \\$aAGLL
=050  00$aHD9757.N7$bW48 1998
=070  0\$aA99.9$bF7622Uf no.141
=072  \0$aK250
=086  0\$aA 13.80:NE-141
=100  1\$aWharton, Eric H.$0http://id.loc.gov/authorities/names/n80111442
=245  10$aWood removals and timber use in New York, 1993 /$cEric H. Wharton, Thomas D. Martin, Richard H. Widmann.
=260  \\$aRadnor, PA :$bU.S. Dept. of Agriculture, Forest Service, Northeastern Research Station,$c[1998]
=300  \\$a28 pages :$billustrations, maps ;$c28 cm.
=336  \\$atext$btxt$2rdacontent
=337  \\$aunmediated$bn$2rdamedia
=338  \\$avolume$bnc$2rdacarrier
=490  1\$aResource bulletin NE ;$v141
=530  \\$aAlso available on the World Wide Web.
=504  \\$aIncludes bibliographical references (page 16).
=530  \\$aLibrary also holds microfiche, Washington, DC : Supt. of Docs., U.S. G.P.O., 2003 . 1 microfiches ; negative (NAL call no.: S-133 (A 13.80:NE-141)
=591  \\$bNAL Reclamation
=593  \\$fAgricola CAT
=650  \0$aLumber trade$zNew York (State)$vStatistics.
=650  \0$aForest products industry$zNew York (State)$vStatistics.
=650  \0$aTimber$zNew York (State)$vStatistics.
=650  \0$aLogging$zNew York (State)$vStatistics.
=650  \3$alogging.
=650  \3$awood utilization.
=651  \3$aNew York.
=651  \7$aNew York (State)$2fast$0(OCoLC)fst01210280
=655  \3$aInternet resource.
=655  \7$aStatistics.$2fast$0(OCoLC)fst01423727
=700  1\$aMartin, Thomas D.$0http://id.loc.gov/authorities/names/n98088397
=700  1\$aWidmann, Richard H.$0http://id.loc.gov/authorities/names/n84177637
=710  1\$aUnited States.$bForest Service.$bNortheastern Research Station.$0http://id.loc.gov/authorities/names/no98081992
=776  08$iOnline version:$aWharton, Eric H.$tWood removals and timber use in New York, 1993.$dRadnor, PA : U.S. Dept. of Agriculture, Forest Service, Northeastern Research Station, [1998]$w(OCoLC)631780007
=830  \0$aResource bulletin NE ;$v141.
=856  41$uhttps://archive.org/details/woodremovalstimb141whar
=912  \\$analcatalog
=930  \\$a20140207$b20140307$c00000000
=938  \\$aBaker and Taylor$bBTCP$n98194171
=939  \\$a20041101$b20041201$c00000000
=939  \\$a19981001$b19981008$c00000000
=945  \\$dDF$e98/09/01$fSES$g98/09/03$n1
=945  \\$p36
=945  \\$aDigiMet
=946  \\$aUSDA
=994  \\$a92$bAGL

