=LDR  01962cam a2200529Ia 4500
=001  9915443240707426
=005  20240620152323.0
=008  890419s1938\\\\dcuab\\\\\\\\f000\0\eng\d
=016  7\$aCAT10308654$2DNAL
=035  \\$a348046
=035  \\$a(OCoLC)15614654
=035  \\$a(DNAL)348046-naldb-Voyager
=040  \\$aRQF$beng$cRQF$dAGL$dOCLCQ$dLVB$dOCLCQ$dOCLCF$dOCLCO$dCOF$dOCLCA$dSFR$dAGM$dSNN$dOCLCQ$dOCLCO
=043  \\$an-us---
=049  \\$aAGLY
=050  \0$aSD426$b.U55 1940
=070  0\$a1$bAg84M no.290
=072  \0$aD100
=072  \0$aK000
=086  0\$aA 1.38:290
=245  00$aWork of the United States Forest Service /$c[prepared by the Forest Service].
=260  \\$aWashington, D.C. :$bU.S. Dept. of Agriculture,$c1938.
=300  \\$a40 pages :$billustrations, 1 map ;$c23 cm.
=336  \\$atext$btxt$2rdacontent
=337  \\$aunmediated$bn$2rdamedia
=338  \\$avolume$bnc$2rdacarrier
=490  1\$aMiscellaneous publication / United States Department of Agriculture ;$vno. 290
=591  \\$bNAL Reclamation
=593  \\$fAgricola CAT
=610  10$aUnited States.$bForest Service$0http://id.loc.gov/authorities/names/n79054932
=610  16$aÉtats-Unis.$bForest Service.
=610  17$aUnited States.$bForest Service$2fast$0(OCoLC)fst00532793
=650  \0$aForests and forestry$zUnited States.
=650  \3$anational forests.
=650  \3$ahistory.
=651  \7$aUnited States.$2fast$0(OCoLC)fst01204155
=655  \3$aInternet resource.
=710  1\$aUnited States.$bForest Service.$0http://id.loc.gov/authorities/names/n79054932
=830  \0$aMiscellaneous publication (United States. Department of Agriculture) ;$vno. 290.
=841  \\$ax   $b8709220u    0   4   uu   1870922$ez
=852  \\$aDNAL$i1 Ag84M no.290
=856  41$uhttps://archive.org/details/workofunitedstat290unit
=912  \\$analcatalog
=930  \\$a20140305$b20140404$c00000000
=945  \\$aUIU
=945  \\$p48
=945  \\$aDigiMet
=946  \\$aUSDA
=994  \\$a92$bAGL

