=LDR  01811cam a2200469Ia 4500
=001  9915443338607426
=005  20240620152322.0
=008  890419s1947\\\\dcuk\\\\\\\\\f000\0\eng\d
=016  7\$aCAT10308611$2DNAL
=019  \\$a213771874
=035  \\$a348038
=035  \\$a(OCoLC)15701057$z(OCoLC)213771874
=035  \\$a(DNAL)348038-naldb-Voyager
=035  \\$z(OCoLC)213771874
=040  \\$aRQF$beng$cRQF$dAGL$dOCLCQ$dOCLCG$dCOD$dOCLCQ$dOCLCF$dOCLCO$dOCLCA$dSFR
=049  \\$aAGLY
=050  \0$aS21$b.A46 no.627
=070  0\$a1$bAg84M no.627
=072  \0$aE110
=086  0\$aA 1.38:627
=100  1\$aTharp, Max M.$q(Max Messick),$d1906-$0http://id.loc.gov/authorities/names/n85045183
=245  10$aYour farm lease /$c[by Max M. Tharp].
=260  \\$aWashington, D.C. :$bU.S. Dept. of Agriculture, Extension Service in cooperation with Bureau of Agricultural Economics,$c1947.
=300  \\$a1 folded sheet (5 pages) :$bforms ;$c50 x 40 cm, folded to 25 x 14 cm.
=336  \\$atext$btxt$2rdacontent
=337  \\$aunmediated$bn$2rdamedia
=338  \\$asheet$bnb$2rdacarrier
=490  1\$aMiscellaneous publication / United States Department of Agriculture ;$vno. 627
=591  \\$bNAL Reclamation
=593  \\$fAgricola CAT
=650  \0$aFarm tenancy.$0http://id.loc.gov/authorities/subjects/sh85047261
=650  \0$aFarm rents.$0http://id.loc.gov/authorities/subjects/sh85047252
=655  \3$aInternet resource.
=830  \0$aMiscellaneous publication (United States. Department of Agriculture) ;$vno. 627.
=841  \\$ax   $b8709220u    0   4   uu   1870922$ez
=852  \\$aDNAL$i1 Ag84M no.627
=856  41$uhttps://archive.org/details/yourfarmlease627thar
=912  \\$analcatalog
=930  \\$a20140305$b20140404$c00000000
=945  \\$aUIU
=945  \\$p14
=945  \\$aDigiMet
=946  \\$aUSDA
=994  \\$a92$bAGL

