=LDR  01982cam a2200493Ia 4500
=001  9915556597307426
=005  20240620122201.0
=008  800401s1968\\\\utu\\\\\\b\\\f000\0\eng\d
=016  7\$aCAT10242606$2DNAL
=035  \\$a199655
=035  \\$a(OCoLC)631741313
=035  \\$a(DNAL)199655-naldb-Voyager
=040  \\$aMTG$beng$cMTG$dY4Z$dSEA$dOCLCQ$dOCLCF$dAGM$dAGL
=043  \\$an-us-id
=049  \\$aAGLL
=070  \\$aA99.9$bF764Un no. 75
=072  \0$a7000
=086  0\$aA 13.79:INT-75
=100  1\$aPotter, Dale R.
=245  10$aNew herbicide kills ninebark /$cby Dale R. Potter.
=260  \\$aOgden, Utah :$bIntermountain Forest and Range Experiment Station, Forest Service, United States Department of Agriculture,$c1968.
=300  \\$a2 pages ;$c27 cm.
=336  \\$atext$btxt$2rdacontent
=337  \\$aunmediated$bn$2rdamedia
=338  \\$avolume$bnc$2rdacarrier
=490  1\$aU.S. Forest Service research note ;$vINT-75
=504  \\$aIncludes bibliographical references.
=591  \\$bNAL Reclamation
=593  \\$fAgricola CAT
=650  \0$aHerbicides.$0http://id.loc.gov/authorities/subjects/sh85060342
=650  \0$aPhysocarpus malvaceus.
=650  \3$aPhysocarpus malvaceus.
=650  \3$abrush control.
=650  \3$aherbicides.
=655  \3$aInternet resource.
=710  1\$aUnited States.$bForest Service.$0http://id.loc.gov/authorities/names/n79054932
=710  2\$aIntermountain Forest and Range Experiment Station (Ogden, Utah)$0http://id.loc.gov/authorities/names/n79062786
=776  08$iOnline version:$aPotter, Dale R.$tNew herbicide kills ninebark.$dOgden, Utah : Intermountain Forest and Range Experiment Station, Forest Service, United States Department of Agriculture, 1968$w(OCoLC)784826470
=830  \0$aU.S. Forest Service research note INT ;$v75.
=856  41$uhttps://archive.org/details/newherbicidekill75pott
=912  \\$analcatalog
=930  \\$a20140604$b00000000$c00000000
=945  \\$aDigiMet
=945  \\$p8
=946  \\$aUSDA
=994  \\$a92$bAGL

