=LDR  01975cam a2200529 a 4500
=001  9915556629607426
=005  20240624163653.0
=008  800401s1966\\\\dcuab\\\\b\\\f000\0\eng\d
=016  7\$aCAT10229832$2DNAL
=035  \\$a198951
=035  \\$a(OCoLC)825560504
=035  \\$a(DNAL)198951-naldb-Voyager
=040  \\$aMUU$beng$cMUU$dOCLCO$dOCLCF$dOCLCO$dOCLCQ$dOCLCA$dAGL$dOCLCQ
=043  \\$an-us-tx
=049  \\$aAGLL
=070  0\$aA56.9$bR31 no. 115
=072  \0$a8500
=086  0\$aA 77.15:ARS-41-115
=100  1\$aAllen, R. R.,$eauthor.
=245  10$aWater table depth and ground water salinity in the nonirrigated area of the Lower Rio Grande Valley of Texas /$c[by R.R. Allen, L.R. Ussery, and B.M. Taylor.
=260  \\$aWashington, D.C.] :$bU.S. Dept. of Agriculture,$c1966.
=300  \\$a21 pages :$billustrations, maps ;$c26 cm
=336  \\$atext$btxt$2rdacontent
=337  \\$aunmediated$bn$2rdamedia
=338  \\$avolume$bnc$2rdacarrier
=490  1\$aARS ;$v41-115
=504  \\$aIncludes bibliographical references (pages 18-19).
=530  \\$aAlso available online.
=591  \\$bNAL Reclamation
=593  \\$fAgricola CAT
=650  \0$aWater table$zTexas.
=650  \0$aGroundwater$zTexas.
=650  \0$aWater salinization$zTexas.
=651  \7$aTexas.$2fast$0(OCoLC)fst01210336
=655  \3$aInternet resource.
=700  1\$aUssery, L. R.,$eauthor.
=700  1\$aTaylor, B. M.,$eauthor.
=710  1\$aUnited States.$bAgricultural Research Service.$bSoil and Water Conservation Research Division.$0http://id.loc.gov/authorities/names/n83008026
=830  \0$aARS (Series) (United States. Agricultural Research Service) ;$v41-115.
=856  41$uhttps://archive.org/details/watertabledepthg11alle
=912  \\$analcatalog
=930  \\$a20201019$b00000000$c00000000
=939  \\$a20131022$b20131101$c00000000
=945  \\$aDigiMet
=945  \\$p30
=946  \\$aUSDA
=959  \\$c2013-10-22$essouder$gurl
=959  \\$c2020-10-19$ecbarone$gother
=994  \\$a92$bAGL

