=LDR  02132cam a2200541 a 4500
=001  9915556644907426
=005  20240624163705.0
=008  800401s1966\\\\orua\\\\\b\\\f000\0\eng\d
=016  7\$aCAT10229747$2DNAL
=019  \\$a1039859679$a1231857429
=035  \\$a198787
=035  \\$a(OCoLC)58976972$z(OCoLC)1039859679$z(OCoLC)1231857429
=035  \\$a(DNAL)198787-naldb-Voyager
=035  \\$z(OCoLC)1039859679$z(OCoLC)1231857429
=040  \\$aORE$beng$cORE$dOCL$dMTG$dOCLCO$dOCLCQ$dOCLCF$dAGM$dWURST$dOCLCQ$dAGL
=043  \\$an-us-or
=049  \\$aAGLL
=050  \0$aSD143$b.U51 no.39
=070  \\$aA99.9$bF7625U no. 39
=072  \0$a4500
=086  0\$aA 13.79:PNW-39
=100  1\$aWilliams, Carroll B.$0http://id.loc.gov/authorities/names/n79111957
=245  10$aPossible grouse damage on true firs /$cby Carroll B. Williams, Jr.
=260  \\$aPortland, Or. :$bPacific Northwest Forest and Range Experiment Station, U.S. Dept. of Agriculture,$c[1966]
=300  \\$a7 pages :$billustrations ;$c28 cm
=336  \\$atext$btxt$2rdacontent
=337  \\$aunmediated$bn$2rdamedia
=338  \\$avolume$bnc$2rdacarrier
=490  1\$aU.S. Forest Service research note PNW ;$v39
=504  \\$aIncludes bibliographical references (pages 6-7).
=591  \\$bNAL Reclamation
=593  \\$fAgricola CAT
=650  \0$aBlue grouse$xFood$zOregon$zMount Hood National Forest.
=650  \0$aConifers$xDiseases and pests$zOregon$zMount Hood National Forest.
=650  \0$aConifers$xWounds and injuries$zOregon$zMount Hood National Forest.
=650  \3$aAbies.
=650  \3$agrouse.
=650  \3$aheight.
=651  \7$aOregon$zMount Hood National Forest.$2fast$0(OCoLC)fst01263157
=655  \3$aInternet resource.
=710  2\$aPacific Northwest Forest and Range Experiment Station (Portland, Or.)$0http://id.loc.gov/authorities/names/n80126131
=830  \0$aU.S. Forest Service research note PNW ;$v39.
=856  41$uhttps://archive.org/details/possiblegrouseda39will
=912  \\$analcatalog
=930  \\$a20140506$b00000000$c00000000
=945  \\$aDigiMet
=945  \\$p12
=946  \\$aUSDA
=959  \\$c2014-05-06$earojas$gap
=994  \\$a92$bAGL

