=LDR  01983cam a2200469Ia 4500
=001  9915556746807426
=005  20240620122248.0
=008  800401s1967\\\\utua\\\\\b\\\f000\0\eng\d
=016  7\$aCAT10242043$2DNAL
=035  \\$a198552
=035  \\$a(OCoLC)32180349
=035  \\$a(DNAL)198552-naldb-Voyager
=040  \\$aSDB$beng$cSDB$dOCLCQ$dNUI$dOCLCQ$dOCLCF$dOCLCQ$dSEA$dAGM$dAGL
=049  \\$aAGLL
=070  \\$aA99.9$bF764Un no. 71
=072  \0$a4500
=086  0\$aA 13.79:INT-71
=100  1\$aHaupt, H. F.$0http://id.loc.gov/authorities/names/n80102805
=245  12$aA system for automatically recording weight changes in sapling trees /$cHarold F. Haupt and Bud L. Jeffers.
=260  \\$aOgden, Utah :$bU.S. Dept. of Agriculture, Forest Service, Intermountain Forest & Range Experiment Station,$c1967.
=300  \\$a4 pages :$billustrations ;$c27 cm.
=336  \\$atext$btxt$2rdacontent
=337  \\$aunmediated$bn$2rdamedia
=338  \\$avolume$bnc$2rdacarrier
=490  1\$aU.S. Forest Service research note INT ;$v71
=504  \\$aIncludes bibliographical references.
=591  \\$bNAL Reclamation
=593  \\$fAgricola CAT
=650  \0$aForest hydrology.$0http://id.loc.gov/authorities/subjects/sh85063461
=650  \0$aTrees$xMeasurement.
=650  \3$asaplings.
=650  \3$aweight.
=655  \3$aInternet resource.
=700  1\$aJeffers, Bud L.
=710  2\$aIntermountain Forest and Range Experiment Station (Ogden, Utah)$0http://id.loc.gov/authorities/names/n79062786
=776  08$iOnline version:$aHaupt, H.F.$tSystem for automatically recording weight changes in sapling trees.$dOgden, Utah : U.S. Dept. of Agriculture, Forest Service, Intermountain Forest & Range Experiment Station, 1967$w(OCoLC)630422391
=830  \0$aU.S. Forest Service research note INT ;$v71.
=856  41$uhttps://archive.org/details/systemforautomat71haup
=912  \\$analcatalog
=930  \\$a20140604$b00000000$c00000000
=945  \\$aDigiMet
=945  \\$p8
=946  \\$aUSDA
=994  \\$a92$bAGL

