=LDR  01265cam a2200397M  4500
=001  9915556858507426
=005  20240624163713.0
=008  800401s1964\\\\dcua\\\\\\\\\f000\0\eng\d
=016  7\$aCAT10229528$2DNAL
=035  \\$a198367
=035  \\$a(OCoLC)79655316
=035  \\$a(DNAL)198367-naldb-Voyager
=040  \\$aMH-BA$beng$cHLS$dOCLCO$dOCLCQ$dAGL
=049  \\$aAGLL
=070  \\$aA280.29$bF22 no. 69
=072  \0$a1500
=100  1\$aSwanson, Bruce L.
=245  10$aLooseleaf tobacco cooperative auctions in the United States.
=260  \\$a[Washington]$bFarmer Cooperative Service, U.S. Dept. of Agriculture,$c1964.
=300  \\$aiv, 41 pages$billustrations.
=336  \\$atext$btxt$2rdacontent
=337  \\$aunmediated$bn$2rdamedia
=338  \\$avolume$bnc$2rdacarrier
=490  1\$aService report,$vno. 69
=591  \\$bNAL Reclamation
=593  \\$fAgricola CAT
=650  \0$aTobacco$xCooperative marketing.
=650  \0$aTobacco industry$zUnited States.
=655  \3$aInternet resource.
=830  \0$aACS service report ;$vno. 69.
=856  41$uhttps://archive.org/details/looseleaftobacco69swan
=912  \\$analcatalog
=930  \\$a20140306$b20140404$c00000000
=945  \\$aDigiMet
=945  \\$p52
=946  \\$aUSDA
=959  \\$c2014-03-06$earojas$gap
=994  \\$a92$bAGL

