=LDR  01933cam a2200517Ia 4500
=001  9915556860507426
=005  20240624163746.0
=008  800401s1968\\\\dcua\\\\\b\\\f000\0\eng\d
=016  7\$aCAT10242221$2DNAL
=019  \\$a979904227
=035  \\$a198898
=035  \\$a(OCoLC)70115508$z(OCoLC)979904227
=035  \\$a(DNAL)198898-naldb-Voyager
=035  \\$z(OCoLC)979904227
=040  \\$aIWA$beng$cIWA$dOCLCO$dOCLCQ$dOCLCA$dOCLCF$dAGL
=049  \\$aAGLL
=050  \0$aSB933.2$bK57x 1968
=070  0\$aA420$bR31 no. 126
=072  \0$a3500
=086  0\$aA 77.15:33-126
=100  1\$aKishaba, A. N.,$eauthor.
=245  10$aSubstances from alfalfa biologically active against the spotted alfalfa aphid /$c[by A.N. Kishaba and G.R. Manglitz].
=260  \\$a[Washington, D.C.?] :$bU.S. Dept. of Agriculture, Agricultural Research Service,$c1968.
=300  \\$a12 pages :$billustrations ;$c26 cm.
=336  \\$atext$btxt$2rdacontent
=337  \\$aunmediated$bn$2rdamedia
=338  \\$avolume$bnc$2rdacarrier
=490  1\$aARS ;$v33-126
=504  \\$aIncludes bibliographical references.
=530  \\$aAlso available online.
=591  \\$bNAL Reclamation
=593  \\$fAgricola CAT
=650  \0$aAlfalfa$xInsect resistance.
=650  \0$aPlants$xInsect resistance.$0http://id.loc.gov/authorities/subjects/sh89000676
=650  \0$aInsect pests$xBiological control.$0http://id.loc.gov/authorities/subjects/sh85066646
=655  \3$aInternet resource.
=700  1\$aManglitz, George Rudolph,$d1926-$eauthor.
=710  1\$aUnited States.$bAgricultural Research Service.
=830  \0$aARS (Series) (United States. Agricultural Research Service) ;$v33-126.
=856  41$uhttps://archive.org/details/substancesfromal126kish
=912  \\$analcatalog
=930  \\$a20201019$b00000000$c00000000
=945  \\$aDigiMet
=945  \\$p16
=946  \\$aUSDA
=959  \\$c2013-10-22$essouder$gurl
=959  \\$c2020-10-19$ecbarone$gother
=994  \\$a92$bAGL

