=LDR  01949cam a2200529Ia 4500
=001  9915556873507426
=005  20240624163741.0
=008  800401s1966\\\\paua\\\\\\\\\f000\0\eng\d
=016  7\$aCAT10229731$2DNAL
=019  \\$a220015415$a1039884551$a1231790637
=035  \\$a198754
=035  \\$a(OCoLC)631126879$z(OCoLC)220015415$z(OCoLC)1039884551$z(OCoLC)1231790637
=035  \\$a(DNAL)198754-naldb-Voyager
=035  \\$z(OCoLC)220015415$z(OCoLC)1039884551$z(OCoLC)1231790637
=040  \\$aU3G$beng$cU3G$dNUI$dOCLCA$dPHA$dOCLCF$dOCLCQ$dSEA$dCOD$dOCLCA$dAGM$dOCLCA$dAGL
=041  \\$aeng
=043  \\$an-us-wv
=049  \\$aAGLL
=070  \\$aA99.9$bF7622U no. 45
=072  \0$a3500
=086  0\$aA 13.79:NE-45
=100  1\$aWendel, George W.
=245  10$aAerial spraying of low-grade hardwood stands With 2,4,5-T in West Virginia /$c[George W. Wendel].
=260  \\$aUpper Darby, Pa. :$bNortheastern Forest Experiment Station, Forest Service, U.S. Dept. of Agriculture,$c1966.
=300  \\$a4 pages :$billustrations ;$c25 cm.
=336  \\$atext$btxt$2rdacontent
=337  \\$aunmediated$bn$2rdamedia
=338  \\$avolume$bnc$2rdacarrier
=490  1\$aU.S. Forest Service research note ;$vNE-45
=504  \\$aIncludes a bibliographical footnote.
=591  \\$bNAL Reclamation
=593  \\$fAgricola CAT
=650  \0$aAerial spraying and dusting in forestry$zWest Virginia.
=650  \3$a2,4,5-T.
=650  \3$aHardwood.
=651  \3$aWest Virginia.
=651  \7$aWest Virginia.$2fast$0(OCoLC)fst01205316
=655  \3$aInternet resource.
=710  2\$aNortheastern Forest Experiment Station (Radnor, Pa.)
=830  \0$aU.S. Forest Service research note NE ;$v45.
=856  41$uhttps://archive.org/details/aerialsprayingof45wend
=912  \\$analcatalog
=930  \\$a20140116$b00000000$c00000000
=945  \\$aDigiMet
=945  \\$p8
=946  \\$aUSDA
=959  \\$c2014-01-15$essouder$gurl
=959  \\$c2014-01-16$earojas$gap
=994  \\$a92$bAGL

