=LDR  02034cam a2200553Ia 4500
=001  9915556887707426
=005  20240624163736.0
=008  800401s1966\\\\akua\\\\\\\\\f000\0\eng\d
=016  7\$aCAT10229398$2DNAL
=035  \\$a198112
=035  \\$a(OCoLC)41813548
=035  \\$a(DNAL)198112-naldb-Voyager
=040  \\$aAkJFS$beng$cW7L$dRLA$dOCLCQ$dMTG$dOCLCF$dOCLCQ$dSEA$dCOD$dAGM$dOCLCA$dWURST$dAGL
=043  \\$an-us-ak
=049  \\$aAGLL
=050  \0$aSD11$b.A456135 no.16
=070  \\$aA99.9$bF7672U no. 16
=072  \0$a3500
=086  0\$aA 13.79:NOR-16
=100  1\$aSchmiege, Donald C.$0http://id.loc.gov/authorities/names/n81026885
=245  10$aOviposition preference of the black-headed budworm and host phenology /$cby D.C. Schmiege and J.S. Hard.
=260  \\$aJuneau, Alaska :$bU.S. Forest Service, Northern Forest Experiment Station,$c1966.
=300  \\$a5 pages :$billustrations ;$c27 cm.
=336  \\$atext$btxt$2rdacontent
=337  \\$aunmediated$bn$2rdamedia
=338  \\$avolume$bnc$2rdacarrier
=490  1\$aU.S. Forest Service research note NOR ;$v16
=591  \\$bNAL Reclamation
=593  \\$fAgricola CAT
=650  \0$aAcleris variana$zAlaska.
=650  \0$aWestern hemlock$zAlaska.
=650  \3$aAcleris variana.
=650  \3$aoviposition.
=650  \3$ahosts.
=650  \3$aphenology.
=650  \3$aTsuga heterophylla.
=650  \3$aPicea sitchensis.
=651  \3$aAlaska.
=651  \7$aAlaska.$2fast$0(OCoLC)fst01204480
=655  \3$aInternet resource.
=700  1\$aHard, John S.$0http://id.loc.gov/authorities/names/n82049075
=710  2\$aNorthern Forest Experiment Station (Juneau, Alaska)$0http://id.loc.gov/authorities/names/no2009160659
=810  2\$aNorthern Forest Experiment Station (Juneau, Alaska).$tU.S. Forest service research note NOR ;$v16.
=856  41$uhttps://archive.org/details/ovipositionprefe16schm
=912  \\$analcatalog
=930  \\$a20140703$b00000000$c00000000
=945  \\$aDigiMet
=945  \\$p12
=946  \\$aUSDA
=959  \\$c2014-07-03$earojas$gap
=994  \\$a92$bAGL

