=LDR  01700cam a2200493 a 4500
=001  9915556907907426
=005  20240624163739.0
=008  800401s1967\\\\pau\\\\\\b\\\f000\0\eng\d
=016  7\$aCAT10242102$2DNAL
=035  \\$a198666
=035  \\$a(OCoLC)311572517
=035  \\$a(DNAL)198666-naldb-Voyager
=040  \\$aMTG$beng$cMTG$dMTG$dMIN$dNUI$dOCLCA$dPHA$dOCLCQ$dAGM$dOCLCA$dOCLCQ$dAGL
=049  \\$aAGLL
=070  \\$aA99.9$bF7622U no. 63
=072  \0$a7000
=086  0\$aA 13.79:NE-63
=100  1\$aHuntzinger, Harold J.
=245  10$aSeeding black cherry in regeneration cuttings /$c[Harold J. Huntzinger].
=260  \\$aUpper Darby, Pa. :$bNortheastern Forest Experiment Station, Forest Service, U.S. Dept. of Agriculture,$c1967.
=300  \\$a8 pages ;$c25 cm
=336  \\$atext$btxt$2rdacontent
=337  \\$aunmediated$bn$2rdamedia
=338  \\$avolume$bnc$2rdacarrier
=490  1\$aU.S. Forest Service research note NE ;$v63
=530  \\$aAlso available online.
=504  \\$aIncludes bibliographical references.
=591  \\$bNAL Reclamation
=593  \\$fAgricola CAT
=650  \0$aBlack cherry$xPreharvest sprouting.
=650  \0$aBlack cherry$xSeedlings.
=650  \3$aseedbed preparation.
=650  \3$aPrunus serotina.
=650  \3$adirect seeding.
=655  \3$aInternet resource.
=710  2\$aNortheastern Forest Experiment Station (Radnor, Pa.)
=830  \0$aForest Service research note NE ;$v63.
=856  41$uhttps://archive.org/details/seedingblackcher63hunt
=912  \\$analcatalog
=930  \\$a20140116$b00000000$c00000000
=945  \\$aDigiMet
=945  \\$p12
=946  \\$aUSDA
=959  \\$c2014-01-15$essouder$gurl
=959  \\$c2014-01-16$earojas$gap
=994  \\$a92$bAGL

