=LDR  01602cam a2200457 a 4500
=001  9915556915507426
=005  20240620122327.0
=008  010521s1973\\\\dcuab\\\\b\\\f000\0\eng\\
=016  7\$aCAT11102042$2DNAL
=035  \\$a871209
=035  \\$a(OCoLC)46953612
=035  \\$a(DNAL)871209-naldb-Voyager
=040  \\$aAGL$beng$cAGL$dOCLCQ$dOCLCF$dOCLCQ$dOCLCO$dOKS$dOCL$dOCLCQ$dAGL
=043  \\$an-us---
=049  \\$aAGLL
=070  0\$aaTA419$b.C37 1973
=072  \0$aK510
=100  1\$aCarpenter, Eugene M.
=245  10$aJack pine, an American wood /$c[Eugene M. Carpenter and Donald A. Perala].
=260  \\$a[Washington, D.C.?] :$bU.S. Dept. of Agriculture, Forest Service,$c[1973]
=300  \\$a6 pages :$billustrations, map ;$c26 cm
=336  \\$atext$btxt$2rdacontent
=337  \\$aunmediated$bn$2rdamedia
=338  \\$avolume$bnc$2rdacarrier
=490  1\$aAmerican wood
=504  \\$aIncludes bibliographical references (page 6).
=591  \\$bNAL Reclamation
=593  \\$fAgricola CAT
=650  \0$aJack pine.$0http://id.loc.gov/authorities/subjects/sh85069181
=650  \0$aWood$zUnited States.
=651  \7$aUnited States.$2fast$0(OCoLC)fst01204155
=655  \3$aInternet resource.
=710  1\$aUnited States.$bForest Service.$0http://id.loc.gov/authorities/names/n79054932
=830  \0$aAmerican wood
=856  41$uhttps://archive.org/details/jackpineamerican252carp
=912  \\$analcatalog
=930  \\$a20140812$b20140905$c00000000
=939  \\$a20010601$b20010612$c00000000
=945  \\$dARS$e2001/05/15$fVS$g2001/05/21
=945  \\$p12
=945  \\$aDigiMet
=946  \\$aUSDA
=994  \\$a92$bAGL

