=LDR  01702cam a2200469Ia 4500
=001  9915556961007426
=005  20240624163737.0
=008  800401s1968\\\\dcua\\\\\\\\\f000\0\eng\d
=016  7\$aCAT10242078$2DNAL
=035  \\$a198618
=035  \\$a(OCoLC)70115558
=035  \\$a(DNAL)198618-naldb-Voyager
=040  \\$aIWA$beng$cIWA$dOCLCF$dOCLCO$dOCLCQ$dCOD$dOCLCA$dAGL
=049  \\$aAGLL
=050  \0$aSF810.H6$bH64x 1968
=070  0\$aA420$bR31 no. 128
=072  \0$a3000
=086  0\$aA 77.15:33-128
=100  1\$aHoffman, R. A.$0http://id.loc.gov/authorities/names/no2009142000
=245  12$aA tumbler dryer for fly pupae /$cby R.A. Hoffman and C.D. Schmidt.
=260  \\$a[Washington, D.C.] :$bU.S. Dept. of Agriculture, Agricultural Research Service,$c[1968]
=300  \\$a3, [1] pages :$billustrations ;$c26 cm.
=336  \\$atext$btxt$2rdacontent
=337  \\$aunmediated$bn$2rdamedia
=338  \\$avolume$bnc$2rdacarrier
=490  1\$aARS-33-128
=530  \\$aAlso available online.
=591  \\$bNAL Reclamation
=593  \\$fAgricola CAT
=650  \0$aHorn fly.$0http://id.loc.gov/authorities/subjects/sh85062007
=650  \0$aFly rearing.$0http://id.loc.gov/authorities/subjects/sh2004001468
=655  \3$aInternet resource.
=700  1\$aSchmidt, C. D.,$eauthor.
=710  1\$aUnited States.$bAgricultural Research Service.
=830  \0$aARS (Series) (United States. Agricultural Research Service) ;$v33-128.
=856  41$uhttps://archive.org/details/tumblerdryerforf128hoff
=912  \\$analcatalog
=930  \\$a20201019$b00000000$c00000000
=945  \\$aDigiMet
=945  \\$p10
=946  \\$aUSDA
=959  \\$c2013-10-22$essouder$gurl
=959  \\$c2020-10-19$ecbarone$gother
=994  \\$a92$bAGL

