=LDR  00982cam a2200349M  4500
=001  9915557051207426
=005  20240624163804.0
=008  800401s1968\\\\dcu\\\\\\\\\\\000\0\eng\d
=016  7\$aCAT10241819$2DNAL
=035  \\$a198123
=035  \\$a(OCoLC)1289077965
=035  \\$a(DNAL)198123-naldb-Voyager
=040  \\$aAGL$beng$cAGL
=049  \\$aAGLL
=070  \\$aA381$bR31A no. 57
=072  \0$a1500
=100  1\$aEisenhardt, N. H.
=245  10$aDehydrated explosion-puffed apples.
=260  \\$a[Washington]$c1968.
=300  \\$a15 p.$billus.
=490  1\$aU.S. Agricultural Research Service. ARS-73-57
=504  \\$aBibliography: p. 13-14.
=591  \\$bNAL Reclamation
=593  \\$fAgricola CAT
=655  \3$aInternet resource.
=830  \0$aARS 73 ;$v57.
=856  41$uhttps://archive.org/details/dehydratedexplos7357eise
=912  \\$analcatalog
=930  \\$a20140414$b00000000$c00000000
=945  \\$aDigiMet
=945  \\$p20
=946  \\$aUSDA
=959  \\$c2014-04-14$earojas$gap
=994  \\$a92$bAGL

