=LDR  02402cam a2200541Ia 4500
=001  9915557098007426
=005  20240624163800.0
=008  910110s1990\\\\dcuab\\\\b\\\f000\0\eng\\
=016  7\$aCAT10411325$2DNAL
=019  \\$a70384588$a221032124
=024  8\$aZBWT00506075
=035  \\$a482903
=035  \\$a(OCoLC)22536926$z(OCoLC)70384588$z(OCoLC)221032124
=035  \\$a(DNAL)482903-naldb-Voyager
=035  \\$z(OCoLC)70384588$z(OCoLC)221032124
=040  \\$aAGL$beng$cAGL$dOCLCQ$dOCLCO$dOCLCA$dOSU$dOCLCA$dOCLCF$dOCLCQ$dOCLCO$dNCCSL$dAU@$dGBVCP$dOCLCA$dCSF$dOCLCQ$dCPO$dOCL$dAGL
=043  \\$ae------
=049  \\$aAGLL
=050  10$aS21$b.A815
=070  0\$a1$bAg84M no.1485
=072  \0$aE100
=086  0\$aA 1.38:1485
=245  04$aThe Basic mechanisms of European Community (EC) farm policy /$cillustrated by target, intervention, and threshold prices, plus levies and refunds : how they work.
=260  \\$a[Washington, D.C.?] :$bU.S. Dept. of Agriculture, Economic Research Service,$c1990.
=300  \\$a25 pages :$billustrations, maps ;$c28 cm.
=336  \\$atext$btxt$2rdacontent
=337  \\$aunmediated$bn$2rdamedia
=338  \\$avolume$bnc$2rdacarrier
=490  1\$aMiscellaneous publication ;$vno. 1485
=504  \\$aIncludes bibliographical references (page 25).
=591  \\$bNAL Reclamation
=593  \\$fAgricola CAT
=650  \0$aAgriculture and state$zEuropean Economic Community countries.
=651  \0$aEuropean Economic Community countries$xEconomic policy.$0http://id.loc.gov/authorities/subjects/sh89006824
=651  \7$aEuropean Economic Community countries.$2fast$0(OCoLC)fst01245089
=655  \3$aInternet resource.
=710  1\$aUnited States.$bDepartment of Agriculture.$bEconomic Research Service.
=776  08$iOnline version:$tBasic mechanisms of European Community (EC) farm policy.$d[Washington, D.C.?] : U.S. Dept. of Agriculture, Economic Research Service, 1990$w(OCoLC)1019912419
=830  \0$aMiscellaneous publication (United States. Department of Agriculture) ;$vno. 1485.
=841  \\$ax$b9010110u    0   4   uu   1901011$ez
=852  \\$aDNAL$i1 Ag84M no.1485
=856  41$uhttps://archive.org/details/basicmechanismso1485unit
=912  \\$analcatalog
=930  \\$a20140305$b20140404$c00000000
=945  \\$dSAM$e90/09/13$fCMM$g90/10/01$n1
=945  \\$p34
=945  \\$aDigiMet
=946  \\$aUSDA
=959  \\$c2013-04-02$essouder$gap
=994  \\$a92$bAGL

