=LDR  01017cam a2200349M  4500
=001  9915557108807426
=005  20240624163801.0
=008  800401n19679999dcu\\\\\\\\\\\000\0\eng\d
=016  7\$aCAT10242157$2DNAL
=035  \\$a198776
=035  \\$a(OCoLC)1289051454
=035  \\$a(DNAL)198776-naldb-Voyager
=040  \\$aAGL$beng$cAGL
=049  \\$aAGLL
=070  \\$aA381$bR31Ac no. 36, etc.
=072  \0$a2500
=100  1\$aJeanes, Allene,$d1906-1995.
=245  10$aDextran bibliography.
=260  \\$a[Washington]$c1967-
=300  \\$apt. A-
=490  1\$aU.S. Agricultural Research Service. ARS-71-36
=591  \\$bNAL Reclamation
=593  \\$fAgricola CAT
=655  \3$aInternet resource.
=700  1\$aJeanes, Allene,$d1906-1995.$tDextran, a selected bibliography.
=830  \0$aARS 71 ;$v36.
=856  41$uhttps://archive.org/details/dextranbibliogra7136jean
=912  \\$analcatalog
=930  \\$a20140411$b00000000$c00000000
=945  \\$aDigiMet
=945  \\$p106
=946  \\$aUSDA
=959  \\$c2013-03-28$earojas$gap
=994  \\$a92$bAGL

