=LDR  02033cam a2200541 a 4500
=001  9915557263107426
=005  20240624163829.0
=008  800401s1968\\\\orua\\\\\b\\\f000\0\eng\d
=016  7\$aCAT10242005$2DNAL
=019  \\$a1039834569$a1231829784
=035  \\$a198483
=035  \\$a(OCoLC)59824817$z(OCoLC)1039834569$z(OCoLC)1231829784
=035  \\$a(DNAL)198483-naldb-Voyager
=035  \\$z(OCoLC)1039834569$z(OCoLC)1231829784
=040  \\$aORE$beng$cORE$dOCL$dMTG$dOCLCF$dOCLCA$dOCLCQ$dOCLCO$dAGM$dOCLCA$dWURST$dOCLCQ$dOCLCO$dAGL
=043  \\$an-us-or
=049  \\$aAGLL
=050  \0$aSD143$b.U51 no.78
=070  \\$aA99.9$bF7625U no. 78
=072  \0$a8000
=086  0\$aA 13.79:PNW-78
=100  1\$aHallin, William E.$q(William Erick)$0http://id.loc.gov/authorities/names/n88630484
=245  10$aSoil surface temperatures on cutovers in southwest Oregon /$cby William E. Hallin.
=260  \\$aPortland, Or. :$bPacific Northwest Forest and Range Experiment Station, U.S. Dept. of Agriculture,$c[1968]
=300  \\$a17 pages :$billustrations ;$c28 cm
=336  \\$atext$btxt$2rdacontent
=337  \\$aunmediated$bn$2rdamedia
=338  \\$avolume$bnc$2rdacarrier
=490  1\$aU.S. Forest Service research note PNW ;$v78
=504  \\$aIncludes bibliographical references.
=591  \\$bNAL Reclamation
=593  \\$fAgricola CAT
=650  \0$aCutover lands$zOregon.
=650  \0$aSoil temperature$zOregon.
=650  \3$aseedlings.
=650  \3$asoil temperature.
=650  \3$aforest soils.
=651  \3$aOregon
=651  \7$aOregon.$2fast$0(OCoLC)fst01204579
=655  \3$aInternet resource.
=710  2\$aPacific Northwest Forest and Range Experiment Station (Portland, Or.)$0http://id.loc.gov/authorities/names/n80126131
=830  \0$aU.S. Forest Service research note PNW ;$v78.
=856  41$uhttps://archive.org/details/soilsurfacetempe78hall
=912  \\$analcatalog
=930  \\$a20140506$b00000000$c00000000
=945  \\$aDigiMet
=945  \\$p22
=946  \\$aUSDA
=959  \\$c2014-05-06$earojas$gap
=994  \\$a92$bAGL

