=LDR  01668cam a2200457Ia 4500
=001  9915557305607426
=005  20240624163825.0
=008  800401s1968\\\\paua\\\\\\\\\f000\0\eng\d
=016  7\$aCAT10242236$2DNAL
=035  \\$a198927
=035  \\$a(OCoLC)311590669
=035  \\$a(DNAL)198927-naldb-Voyager
=040  \\$aMTG$beng$cMTG$dMTG$dNUI$dOCLCA$dPHA$dOCLCF$dOCLCQ$dSEA$dAGM$dOCLCA$dAGL
=049  \\$aAGLL
=070  \\$aA99.9$bF7622U no. 76
=072  \0$a7000
=086  0\$aA 13.79:NE-76
=100  1\$aKoelling, Melvin R.$q(Melvin Ray),$d1937-$0http://id.loc.gov/authorities/names/no00051951
=245  10$aDetermining sap sweetness in small sugar maple trees /$c[Melvin R. Koelling].
=260  \\$aUpper Darby, Pa. :$bNortheastern Forest Experiment Station, Forest Service, U.S. Dept. of Agriculture,$c1968.
=300  \\$a4 pages :$billustrations ;$c25 cm.
=336  \\$atext$btxt$2rdacontent
=337  \\$aunmediated$bn$2rdamedia
=338  \\$avolume$bnc$2rdacarrier
=490  1\$aU.S. Forest Service research note ;$vNE-76
=530  \\$aAlso available online.
=591  \\$bNAL Reclamation
=593  \\$fAgricola CAT
=650  \0$aSugar maple$xResearch.
=650  \0$aSap.$0http://id.loc.gov/authorities/subjects/sh85117439
=650  \3$aAcer saccharum.
=650  \3$asap.
=655  \3$aInternet resource.
=710  2\$aNortheastern Forest Experiment Station (Radnor, Pa.)
=830  \0$aForest Service research note NE ;$v76.
=856  41$uhttps://archive.org/details/determiningsapsw76koel
=912  \\$analcatalog
=930  \\$a20140115$b00000000$c00000000
=945  \\$aDigiMet
=945  \\$p8
=946  \\$aUSDA
=959  \\$c2014-01-15$essouder$gurl
=994  \\$a92$bAGL

