=LDR  02610cam a2200673 a 4500
=001  9915557426007426
=005  20240620130036.0
=008  950221s1994\\\\pauab\\\\bs\\f000\0\eng\\
=010  \\$a   95170412 
=016  7\$aCAT10691289$2DNAL
=035  \\$a688445
=035  \\$a(OCoLC)32026425
=035  \\$a(DNAL)688445-naldb-Voyager
=040  \\$aDNAL$beng$cDLC$dOCL$dBTCTA$dGBVCP$dOCLCO$dOCLCA$dOCLCF$dOCLCQ$dCOD$dOCLCA$dAGM$dOCLCA$dWURST$dAGL
=042  \\$alccopycat
=043  \\$an-us-pa
=049  \\$aAGLL
=050  00$aHD9757.P4$bW48 1994
=070  0\$aA99.9$bF7622Uf no.130
=072  \0$aK510
=086  0\$aA 13.80:NE-130
=100  1\$aWharton, Eric H.$0http://id.loc.gov/authorities/names/n80111442
=245  14$aThe timber industries of Pennsylvania, 1988 /$cEric H. Wharton, John L. Bearer.
=260  \\$aRadnor, PA :$bU.S. Dept. of Agriculture, Forest Service, Northeastern Forest Experiment Station,$c[1994]
=300  \\$a40 pages :$billustrations, maps ;$c28 cm.
=336  \\$atext$btxt$2rdacontent
=337  \\$aunmediated$bn$2rdamedia
=338  \\$avolume$bnc$2rdacarrier
=490  1\$aResource bulletin NE ;$v130
=504  \\$aIncludes bibliographical references (page 18).
=591  \\$bNAL Reclamation
=593  \\$fAgricola CAT
=650  \0$aForest products industry$zPennsylvania$vStatistics.
=650  \0$aTimber$zPennsylvania$vStatistics.
=650  \0$aLumber trade$zPennsylvania$vStatistics.
=650  \3$aforest products industry.
=650  \3$aforest inventory.
=650  \3$aroundwood.
=650  \3$alogging.
=650  \3$asupply balance.
=650  \3$avolume.
=650  \3$ageographical variation.
=651  \3$aPennsylvania.
=651  \7$aPennsylvania.$2fast$0(OCoLC)fst01204598
=655  \3$aInternet resource.
=655  \7$aStatistics.$2fast$0(OCoLC)fst01423727
=700  1\$aBearer, John L.$0http://id.loc.gov/authorities/names/n95065617
=710  1\$aUnited States.$bDepartment of Agriculture.
=710  2\$aNortheastern Forest Experiment Station (Radnor, Pa.)
=776  08$iOnline version:$aWharton, Eric H.$tTimber industries of Pennsylvania, 1988.$dRadnor, PA : U.S. Dept. of Agriculture, Forest Service, Northeastern Forest Experiment Station, [1994]$w(OCoLC)624414749
=830  \0$aResource bulletin NE ;$v130.
=856  41$uhttps://archive.org/details/timberindustries130whar
=912  \\$analcatalog
=930  \\$a20140207$b20140307$c00000000
=938  \\$aBaker and Taylor$bBTCP$n95170412
=939  \\$a19950303$b19950309$c00000000
=945  \\$dRLG$e95/02/21$g95/02/27$n1
=945  \\$p48
=945  \\$aDigiMet
=946  \\$aUSDA
=994  \\$a92$bAGL

