=LDR  01790cam a22004451a 4500
=001  9915557437907426
=005  20240620130039.0
=008  861013s1907\\\\ilua\\\\\\\\\\000\0\eng\\
=010  \\$a   07023317 
=016  7\$aCAT10724023$2DNAL
=035  \\$a327408
=035  \\$a(OCoLC)12119852
=035  \\$a(DNAL)327408-naldb-Voyager
=040  \\$aDLC$beng$cDLC$dVTU$dAGL$dOCLCE$dKRTAS$dOCLCF$dOCLCQ$dOCLCO$dOCLCQ
=042  \\$apremarc
=049  \\$aRQIB
=050  00$aSF487$b.R4
=070  0\$a47$bR272S
=072  \0$aL100
=245  00$aSuccessful poultry keeping :$ba text book for the beginner and for all persons interested in better poultry and more of it--contains the "secrets of success" both for pleasure and profit--new and valuable information on all branches of the poultry business.
=260  \\$aQuincy, Ill. :$bReliable Poultry Journal Publishing Co.,$c1907.
=300  \\$a176 pages :$billustrations ;$c30 cm
=336  \\$atext$btxt$2rdacontent
=337  \\$aunmediated$bn$2rdamedia
=338  \\$avolume$bnc$2rdacarrier
=530  \\$aAlso available in digital form on the Internet Archive Web site.
=591  \\$bNAL Reclamation
=593  \\$fAgricola CAT
=650  \0$aPoultry.$0http://id.loc.gov/authorities/subjects/sh85105892
=655  \3$aInternet resource.
=710  2\$aReliable Poultry Journal Publishing Company.
=776  08$iOnline version:$tSuccessful poultry keeping.$dQuincy, Ill. : Reliable Poultry Journal Pub. Co., 1907$w(OCoLC)441938107
=856  41$uhttps://archive.org/details/successfulpoultr00reli_0
=911  \\$ichl00017888
=912  \\$analcatalog
=930  \\$a20160525$b20160603$c00000000
=938  \\$aKirtas Technologies, Inc.$bKRTS$n308624
=939  \\$a20140702$b20140807$c00000000
=945  \\$aDigiMet
=945  \\$p184
=946  \\$aOther US
=994  \\$a92$bAGL

