=LDR  01908cam a2200505Ia 4500
=001  9915557455607426
=005  20240624163907.0
=008  000506s1999\\\\mdua\\\\\\\\\f000\0\eng\\
=016  7\$aCAT11067576$2DNAL
=035  \\$a846355
=035  \\$a(OCoLC)43975011
=035  \\$a(DNAL)846355-naldb-Voyager
=040  \\$aAGL$beng$cAGL$dOCLCQ$dOCLCO$dOCLCF$dOCLCA$dAGL
=043  \\$an-us---
=049  \\$aAGLL
=070  0\$a1$bAg84M no. 1558
=072  \0$aL800
=245  00$aAnimal care :$bsafeguarding the welfare of animals.
=260  \\$a[Riverdale, MD] :$bU.S. Dept. of Agriculture, Animal and Plant Health Inspection Service,$c[1999]
=300  \\$a15 pages :$billustrations ;$c21 cm.
=336  \\$atext$btxt$2rdacontent
=337  \\$aunmediated$bn$2rdamedia
=338  \\$avolume$bnc$2rdacarrier
=490  1\$aMiscellaneous publication ;$vno. 1558
=530  \\$aAlso available on the Internet.
=591  \\$bNAL Reclamation
=593  \\$fAgricola CAT
=610  10$aUnited States.$bAnimal Care (Program)$0http://id.loc.gov/authorities/names/no97077212
=610  17$aUnited States.$bAnimal Care (Program)$2fast$0(OCoLC)fst00734006
=650  \0$aAnimal specialists$zUnited States.
=650  \0$aAnimal culture$zUnited States.
=651  \7$aUnited States.$2fast$0(OCoLC)fst01204155
=655  \3$aInternet resource.
=710  1\$aUnited States.$bAnimal and Plant Health Inspection Service.
=830  \0$aMiscellaneous publiction (United States. Department of Agriculture) ;$vno. 1558.
=856  41$uhttps://archive.org/details/animalcaresafegu1558unit
=912  \\$analcatalog
=930  \\$a20211012$b00000000$c00000000
=939  \\$a20140305$b20140404$c00000000
=939  \\$a20051017$b20051102$c00000000
=939  \\$a20000602$b20000608$c00000000
=945  \\$dRLG$e2000/05/03$fSES$g2000/05/06$n1
=945  \\$p20
=945  \\$aDigiMet
=946  \\$aUSDA
=959  \\$c2021-10-12$earojas$gupgrade
=994  \\$a92$bAGL

