=LDR  02282cam a22004571i 4500
=001  9915557464507426
=005  20240624163901.0
=008  850606s1920\\\\ilua\\\\\\\\\\000\0\eng\\
=010  \\$a   20006217 
=016  7\$aCAT10724007$2DNAL
=035  \\$a(OCoLC)ocm12125038 
=040  \\$aDLC$beng$cHUH$dDLC$dOCLCQ$dAGL$dOCLCQ$dOCLCG$dKRTAS$dOCLCF$dOCLCQ$dOCLCO$dHCO$dOCLCO$dOCLCQ$dOCLCO$dOCLCL
=049  \\$aAGLL
=050  00$aSF494$b.R7
=070  0\$a47$bR56H
=072  \0$aL500
=100  1\$aRobinson, John H.$q(John Henry),$d1863-1935$1https://id.oclc.org/worldcat/entity/E39PBJqfKRqC3CTFYdCPwjVQv3
=245  10$aHow to feed poultry for any purpose with profit :$ba complete and authoritative treatise on feeding all classes of poultry--nutritive values of feeds--formulas to meet every probable requirement and for fowls kept under all conditions--practical rules for feeding, and how to adapt them to individual requirements--a text book for the beginner--a reference book for the expert. /$cby John H. Robinson.
=260  \\$aQuincy, Ill. :$bReliable poultry journal Pub. Co.,$c1920.
=300  \\$a111, [1] pages including frontispiece :$billustrations ;$c30 cm
=336  \\$atext$btxt$2rdacontent
=337  \\$aunmediated$bn$2rdamedia
=338  \\$avolume$bnc$2rdacarrier
=591  \\$bNAL Reclamation
=593  \\$fAgricola CAT
=650  \0$aPoultry.
=650  \2$aPoultry$0(DNLM)D011200
=650  \6$aVolailles.$0(CaQQLa)201-0004673
=650  \7$aPoultry$2fast$0(OCoLC)fst01073919
=758  \\$ihas work:$aHow to feed poultry for any purpose with profit (Text)$1https://id.oclc.org/worldcat/entity/E39PCGMTGvXf7w34jRfCpTFqPP$4https://id.oclc.org/worldcat/ontology/hasWork
=776  08$iOnline version:$aRobinson, John H. (John Henry), 1863-1935.$tHow to feed poultry for any purpose with profit.$dQuincy, Ill. : Reliable poultry journal Pub. Co., 1920$w(OCoLC)700766909
=856  41$uhttps://archive.org/details/howtofeedpoultry00robi
=911  \\$ichl00017895
=912  \\$analcatalog
=930  \\$a20160525$b20160603$c00000000
=938  \\$aKirtas Technologies, Inc.$bKRTS$n682207
=939  \\$a20140702$b20140807$c00000000
=939  \\$a20120911$b20121009$c00000000
=945  \\$aDigiMet
=945  \\$p156
=946  \\$aOther US
=959  \\$c2012-09-11$earojas$gap
=994  \\$a92$bAGL

