=LDR  01736cam a2200481Ia 4500
=001  9915557568207426
=005  20240620130119.0
=008  000510s1999\\\\dcua\\\\\b\\\f000\0\eng\\
=016  7\$aCAT11067735$2DNAL
=035  \\$a846540
=035  \\$a(OCoLC)43961436
=035  \\$a(DNAL)846540-naldb-Voyager
=040  \\$aAGL$beng$cAGL$dOCLCQ$dOCLCO$dOCLCA$dOCLCF$dOCLCO$dOCLCA$dAGL
=043  \\$aa-cc---
=049  \\$aAGLL
=070  0\$a1$bAg84M no. 1556
=072  \0$aA000
=072  \0$aA500
=100  1\$aVogel, Frederic A.
=245  10$aReview of Chinese crop production forecasting and estimation methology /$c[Frederic A. Vogel].
=260  \\$a[Washington, D.C.] :$bU.S. Dept. of Agriculture, National Agricultural Statistics Service,$c[1999]
=300  \\$a17 pages :$billustrations ;$c27 cm.
=336  \\$atext$btxt$2rdacontent
=337  \\$aunmediated$bn$2rdamedia
=338  \\$avolume$bnc$2rdacarrier
=490  1\$aMiscellaneous publication ;$vno. 1556
=504  \\$aIncludes bibliographical references (page 17).
=591  \\$bNAL Reclamation
=593  \\$fAgricola CAT
=650  \0$aAgriculture$zChina.
=650  \0$aCrops$zChina$xForecasting.
=651  \7$aChina.$2fast$0(OCoLC)fst01206073
=655  \3$aInternet resource.
=710  1\$aUnited States.$bNational Agricultural Statistics Service.
=830  \0$aMiscellaneous publication (United States. Department of Agriculture) ;$vno. 1556.
=856  41$uhttps://archive.org/details/reviewofchinesec1556voge
=912  \\$analcatalog
=930  \\$a20140305$b20140404$c00000000
=939  \\$a20100901$b20100903$c00000000
=939  \\$a20000602$b20000608$c00000000
=945  \\$dML$e2000/05/02$fJR$g2000/05/10$n1
=945  \\$p24
=945  \\$aDigiMet
=946  \\$aUSDA
=994  \\$a92$bAGL

