=LDR  01220cam a2200373M  4500
=001  9915557572907426
=005  20240620130109.0
=008  861009s1907\\\\ilua\\\\\\\\\\000\0\eng\d
=016  7\$aCAT10724018$2DNAL
=035  \\$a327218
=035  \\$a(OCoLC)1289042928
=035  \\$a(DNAL)327218-naldb-Voyager
=040  \\$aAGL$beng$cAGL
=049  \\$aRQIB
=070  0\$a47$bR272E
=072  \0$aL100
=072  \0$aQ003
=110  2\$aReliable Poultry Journal Publishing Co.
=245  10$aEggs and egg farms :$bTrustworthy information regarding the successful production of eggs--the construction plans of poultry buildings and the methods of feeding that make egg farming most profitable ...
=250  \\$a3rd ed.
=260  \\$aQuincy, IL :$bReliable poultry journal Pub. Co.,$c1907.
=300  \\$a7-96 p. :$bill. ;$c29 cm.
=591  \\$bNAL Reclamation
=593  \\$fAgricola CAT
=650  \0$aPoultry.
=650  \0$aEggs$xProduction.
=655  \3$aInternet resource.
=856  41$uhttps://archive.org/details/eggseggfarmstrus00reli
=911  \\$ichl00017882
=912  \\$analcatalog
=930  \\$a20160525$b20160603$c00000000
=939  \\$a20140702$b20140807$c00000000
=945  \\$aDigiMet
=945  \\$p108
=946  \\$aOther US
=994  \\$a92$bAGL

