=LDR  02780cas a2200565Ia 4500
=001  9915557589707426
=005  20240624163910.0
=008  001121d192319uudcuar\\\\\\\\f0\\\a0eng\d
=016  7\$aCAT11089030$2DNAL
=035  \\$a846437
=035  \\$a(OCoLC)36101656
=035  \\$a(DNAL)846437-naldb-Voyager
=040  \\$aVXG$beng$cVXG$dOCL$dOCLCQ$dAGL$dOCLCF$dOCLCO$dOCLCQ
=043  \\$an-us---
=049  \\$aAGLL
=070  0\$a1.9$bP6915P1
=130  0\$aPlant introductions (Washington, D.C.)
=245  10$aPlant introductions.
=260  \\$a[Washington, D.C.] :$bOffice of Foreign Seed and Plant Introduction, Bureau of Plant Industry, U.S. Dept. of Agriculture,$c[1922?-
=300  \\$avolumes ;$c27 cm
=310  \\$aAnnual
=336  \\$atext$btxt$2rdacontent
=337  \\$aunmediated$bn$2rdamedia
=338  \\$avolume$bnc$2rdacarrier
=362  0\$a11th annual list (1922-1923)-
=362  1\$aCeased.
=550  \\$aIssued by: Office of Foreign Seed and Plant Introduction, Bureau of Plant Industry, U.S. Dept. of Agriculture, 1922-1923-<1924-1925>; Office of Foreign Plant Introduction, Bureau of Plant Industry, U.S. Dept. of Agriculture, <1928-1929>-1930-1; Division of Foreign Plant Introduction, Bureau of Plant Industry, U.S. Dept. of Agriculture, <1931-2>-1933-4; Division of Plant Exploration and Introduction, Bureau of Plant Industry, Soils, and Agricultural Engineering, U.S. Dept. of Agriculture, 1934-5-<1942-1943>.
=588  0\$a11th (1922/1923); title from cover.
=588  1\$a31st (1942/43).
=591  \\$bNAL Reclamation
=593  \\$fAgricola CAT
=650  \0$aPlants, Cultivated$zUnited States$vPeriodicals.
=650  \0$aPlant introduction$zUnited States$vPeriodicals.
=651  \7$aUnited States.$2fast$0(OCoLC)fst01204155
=655  \3$aInternet resource.
=655  \7$aPeriodicals.$2fast$0(OCoLC)fst01411641
=710  1\$aUnited States.$bOffice of Foreign Seed and Plant Introduction.$0http://id.loc.gov/authorities/names/n85140459
=710  1\$aUnited States.$bOffice of Foreign Plant Introduction.
=710  1\$aUnited States.$bBureau of Plant Industry.$bDivision of Foreign Plant Introduction.
=710  1\$aUnited States.$bBureau of Plant Industry, Soils, and Agricultural Engineering.$bDivision of Plant Exploration and Introduction.$0http://id.loc.gov/authorities/names/n82049443
=730  0\$aCheck lists; plants ready for experimenters.
=780  00$tNew plant introductions$w(DLC)sn 86034182$w(OCoLC)14077883
=856  41$uhttp://archive.org/details/usda-plantintroductions
=912  \\$analcatalog
=930  \\$a20131022$b20131101$c00000000
=939  \\$a20130131$b20130201$c00000000
=945  \\$aDigiMet
=945  \\$p120
=945  \\$aDigiMet
=945  \\$p42
=945  \\$aDigiMet
=945  \\$p32
=945  \\$aDigiMet
=945  \\$p40
=945  \\$aDigiMet
=945  \\$p32
=945  \\$aDigiMet
=945  \\$p38
=945  \\$aDigiMet
=945  \\$p22
=945  \\$aDigiMet
=945  \\$p32
=945  \\$aDigiMet
=945  \\$p34
=945  \\$aDigiMet
=945  \\$p34
=945  \\$aDigiMet
=945  \\$p30
=945  \\$aDigiMet
=945  \\$p34
=945  \\$aDigiMet
=945  \\$p64
=945  \\$aDigiMet
=945  \\$p28
=945  \\$aDigiMet
=945  \\$p38
=945  \\$aDigiMet
=945  \\$p32
=945  \\$aDigiMet
=945  \\$p40
=945  \\$aDigiMet
=945  \\$p38
=945  \\$aDigiMet
=945  \\$p28
=945  \\$aDigiMet
=945  \\$p36
=945  \\$aDigiMet
=945  \\$p64
=946  \\$aUSDA
=959  \\$c2013-10-22$essouder$gurl
=959  \\$c2013-01-31$ergallett$gupgrade
=994  \\$a92$bAGL

