=LDR  02293cam a2200565Ia 4500
=001  9915557621807426
=005  20240802122400.0
=008  000506s1996\\\\dcua\\\\\\\\\f000\0\eng\d
=016  7\$aCAT11067566$2DNAL
=035  \\$a846353
=035  \\$a(OCoLC)39632703
=035  \\$a(DNAL)846353-naldb-Voyager
=040  \\$aCUV$beng$cCUV$dAGL$dCUV$dOCLCQ$dOCLCO$dOCLCF$dOCLCQ$dOCLCO$dOCLCA$dOCLCQ
=043  \\$an-us---
=049  \\$aAGLL
=050  \0$aS21$b.A493 no.1539
=070  0\$a1$bAg84M no. 1539
=072  \0$aF800
=086  0\$aA 1.38:1539
=245  00$aUSDA's detector dogs :$bprotecting American agriculture.
=246  30$aProtecting American agriculture
=260  \\$a[Washington, D.C.?] :$bU.S. Dept. of Agriculture, Animal and Plant Health Inspection Service,$c[1996]
=300  \\$a12 pages :$bcolor illustrations ;$c25 cm.
=336  \\$atext$btxt$2rdacontent
=337  \\$aunmediated$bn$2rdamedia
=338  \\$avolume$bnc$2rdacarrier
=490  1\$aMiscellaneous publication ;$vno. 1539
=530  \\$aAlso available online.
=530  \\$aLibrary also holds microfiche.  Washington, DC : Supt. of Docs., U.S. G.P.O.,  1996.  1 microfiche : negative . (NAL call n.: Fiche S-133 (A 1.38:1539))
=591  \\$bNAL Reclamation
=593  \\$fAgricola CAT
=610  10$aUnited States.$bAnimal and Plant Health Inspection Service
=610  17$aUnited States.$bAnimal and Plant Health Inspection Service$2fast$0(OCoLC)fst00537191
=650  \0$aSearch dogs$zUnited States.
=650  \0$aBeagle (Dog breed)$0http://id.loc.gov/authorities/subjects/sh85012629
=650  \0$aSmuggling$zUnited States$xPrevention.
=651  \7$aUnited States.$2fast$0(OCoLC)fst01204155
=655  \3$aInternet resource.
=655  \4$aElectronic texts.
=710  1\$aUnited States.$bAnimal and Plant Health Inspection Service.
=830  \0$aMiscellaneous publication (United States. Department of Agriculture) ;$vno. 1539.
=856  41$uhttps://archive.org/details/usdasdetectordog1539unit
=912  \\$analcatalog
=930  \\$a20140305$b20140404$c00000000
=939  \\$a20050318$b20050401$c00000000
=939  \\$a20000602$b20000608$c00000000
=945  \\$dRLG$e2000/05/03$fSES$g2000/05/06$n1
=945  \\$p22
=945  \\$aDigiMet
=946  \\$aUSDA
=959  \\$c2024-08-02$epdesai$fAMB$gother
=994  \\$a92$bAGL

