=LDR  01300cas a22003852  4500
=001  9915557707607426
=005  20240624163924.0
=008  001121d191919uuxxuuu\p\\\\\\f0\\\\1eng\d
=016  7\$aCAT11088974$2DNAL
=035  \\$91088-97460
=035  \\$a846420
=035  \\$a(DNAL)846420-naldb-Voyager
=040  \\$aAGL$dAGL
=049  \\$aRQIC
=070  0\$a1.9$bP69Lc
=110  1\$aUnited States.$bBureau of Plant Industry.$bLibrary.
=245  10$aBotany :$bcurrent literature.
=246  1\$iNos. 1-151 have title:$aCurrent author entries
=246  1\$inos. 152-183 have title:$aCurrent botanical literature
=246  30$aCurrent literature
=300  \\$aWashington,
=362  0\$av.1-16.  Jan. 31, 1919-Dec. 29, 1934.
=362  1\$aCeased.
=580  \\$aContinued by a new series which appear weekly under the title; Plant science literature. 1.9 P69 Lcp.
=593  \\$fAgricola CAT
=610  10$aUnited States.$bBureau of Plant Industry
=650  \0$aBotany$vBibliography.
=655  \3$aInternet resource
=785  00$tPlant science literature
=856  41$uhttps://archive.org/details/usda-botanycurrentliterature
=912  \\$analcatalog
=930  \\$a20140207$b20140307$c00000000
=939  \\$a20131220$b20140103$c00000000
=945  \\$aDigiMet
=945  \\$vpt. 1
=945  \\$p350
=945  \\$aDigiMet
=945  \\$vpt. 2
=945  \\$p460
=945  \\$aDigiMet
=945  \\$vpt. 3
=945  \\$p494
=945  \\$aDigiMet
=945  \\$vpt. 4
=945  \\$p536
=945  \\$aDigiMet
=945  \\$vpt. 5
=945  \\$p730
=945  \\$aDigiMet
=945  \\$vpt. 6
=945  \\$p1068
=945  \\$aDigiMet
=945  \\$vpt. 7
=945  \\$p1256
=945  \\$aDigiMet
=945  \\$vpt. 8
=945  \\$p1584
=945  \\$aDigiMet
=945  \\$vpt. 9
=945  \\$p1820
=945  \\$aDigiMet
=945  \\$vpt. 10
=945  \\$p1894
=945  \\$aDigiMet
=945  \\$vpt. 11
=945  \\$p1836
=945  \\$aDigiMet
=945  \\$vpt. 12
=945  \\$p2012
=945  \\$aDigiMet
=945  \\$vpt. 13
=945  \\$p1988
=945  \\$aDigiMet
=945  \\$vpt. 14
=945  \\$p1352
=945  \\$aDigiMet
=945  \\$vpt. 15
=945  \\$p1342
=945  \\$aDigiMet
=945  \\$vpt. 16
=945  \\$p2072
=946  \\$aUSDA
=959  \\$c2013-12-20$ejgilbert$gsubjadd

