=LDR  01153cas a2200361M  4500
=001  9915557710307426
=005  20240624163927.0
=008  001121d19141917dcuuu\p\\\\\\f0\\\\0eng\d
=016  7\$aCAT11089002$2DNAL
=035  \\$a846430
=035  \\$a(OCoLC)1289151998
=035  \\$a(DNAL)846430-naldb-Voyager
=040  \\$aAGL$beng$cAGL
=049  \\$aRQIC
=070  0\$a1.9$bP6919Fd
=110  1\$aUnited States.$bDepartment of Agriculture.$bStates Relations Service.
=245  10$aFarm demonstration monthly.
=260  \\$a[Washington.
=300  \\$a26 nos. ;$c27 cm.
=362  0\$aSept., 1914-May 1917.
=550  \\$aNo. 1-10 issued by Bureau of plant industry.
=591  \\$bNAL Reclamation
=593  \\$fAgricola CAT
=650  \0$aAgricultural extension work$zUnited States$vPeriodicals.
=710  1\$aUnited States.$bBureau of Plant Industry.
=856  41$uhttps://archive.org/details/usda-farmdemonstrationmonthly
=912  \\$analcatalog
=930  \\$a20140710$b20140807$c00000000
=945  \\$aDigiMet
=945  \\$vpt. 1
=945  \\$p24
=945  \\$aDigiMet
=945  \\$vpt. 2
=945  \\$p30
=945  \\$aDigiMet
=945  \\$vpt. 3
=945  \\$p24
=945  \\$aDigiMet
=945  \\$vpt. 4
=945  \\$p28
=945  \\$aDigiMet
=945  \\$vpt. 5
=945  \\$p24
=945  \\$aDigiMet
=945  \\$vpt. 6
=945  \\$p28
=945  \\$aDigiMet
=945  \\$vpt. 7
=945  \\$p16
=945  \\$aDigiMet
=945  \\$vpt. 8
=945  \\$p16
=945  \\$aDigiMet
=945  \\$vpt. 9
=945  \\$p16
=945  \\$aDigiMet
=945  \\$vpt. 10
=945  \\$p16
=945  \\$aDigiMet
=945  \\$vpt. 11
=945  \\$p16
=945  \\$aDigiMet
=945  \\$vpt. 12
=945  \\$p20
=945  \\$aDigiMet
=945  \\$vpt. 13
=945  \\$p16
=945  \\$aDigiMet
=945  \\$vpt. 14
=945  \\$p16
=945  \\$aDigiMet
=945  \\$vpt. 15
=945  \\$p16
=945  \\$aDigiMet
=945  \\$vpt. 16
=945  \\$p16
=945  \\$aDigiMet
=945  \\$vpt. 17
=945  \\$p16
=945  \\$aDigiMet
=945  \\$vpt. 18
=945  \\$p18
=945  \\$aDigiMet
=945  \\$vpt. 19
=945  \\$p20
=945  \\$aDigiMet
=945  \\$vpt. 20
=945  \\$p16
=945  \\$aDigiMet
=945  \\$vpt. 21
=945  \\$p16
=945  \\$aDigiMet
=945  \\$vpt. 22
=945  \\$p16
=945  \\$aDigiMet
=945  \\$vpt. 23
=945  \\$p16
=945  \\$aDigiMet
=945  \\$vpt. 24
=945  \\$p16
=945  \\$aDigiMet
=945  \\$vpt. 25
=945  \\$p16
=945  \\$aDigiMet
=945  \\$vpt. 26
=945  \\$p16
=946  \\$aUSDA
=959  \\$c2014-10-03$essouder$gurl
=959  \\$c2013-04-02$essouder$gap
=959  \\$c2014-07-10$edfriedma$gsubjadd
=994  \\$a92$bAGL

