=LDR  02840cas a2200541M  4500
=001  9915557713807426
=005  20240624163923.0
=008  001121d192019uudcuuu\p\\\\\\f0\\\\0eng\d
=016  7\$aCAT11088997$2DNAL
=035  \\$a846429
=035  \\$a(OCoLC)1289153702
=035  \\$a(DNAL)846429-naldb-Voyager
=040  \\$aAGL$beng$cAGL
=049  \\$aRQIC
=070  0\$a1.9$bM341Fr
=110  1\$aUnited States.$bBureau of Markets.$bFruit and Vegetable Division.
=245  10$aDivision letter.
=246  1\$iTitle varies, v.10, no.19-v.23, no.5, May 10, 1929-Mar.6, 1942$aFruit and Vegetable Division letter
=246  1\$iTitle varies, v.23, no.6-v.24, no.2, Mar.20, 1942-Jan.15, 1943- :$aFruit and Vegetable Branch letter
=260  \\$a[Washington]
=362  0\$av.1-v.24, no.2, Apr. 1, 1920-Jan. 15, 1943.
=362  1\$aCeased.
=550  \\$aIssuing office varies: v.2, no.27-v.3, no.25, July 27, 1921-June 29, 1922, U.S. Bureau of Markets and Crop Estimates. Fruit and Vegetable Division.
=550  \\$aIssuing office varies: v.3, no.26-v.13, no.46, July 6, 1922-Dec. 30, 1932, U.S. Bureau of Agricultural Economics. Division of Fruits and Vegetables.
=550  \\$aIssuing office varies: v.20, no.14-v.23, no.5, July 14, 1939-Mar.6, 1942, U.S. Agricultural Marketing Service.
=550  \\$aIssuing office varies: v.23, no.6-v.24, no.1, Mar. 20, 1942-Jan. 1, 1943, U.S. Agricultural Marketing Administration.
=550  \\$aIssuing office varies: v.24, no.2, Jan. 15, 1943, U.S. Food Distribution Administration.
=580  \\$aSuperseded by U.S. War Food Administration. Office of Distribution. Fruit and Vegetable Branch administrative letter. (1.9422 Fr8F94).
=591  \\$bNAL Reclamation
=593  \\$fAgricola CAT
=610  10$aUnited States.$bBureau of Markets.$bFruit and Vegetable Division$vPeriodicals.
=650  \0$aFruit trade$zUnited States$vPeriodicals.
=650  \0$aVegetable trade$zUnited States$vPeriodicals.
=655  \3$aInternet resource.
=710  1\$aUnited States.$bBureau of Markets and Crop Estimates.$bFruit and Vegetable Division.
=710  1\$aUnited States.$bBureau of Agricultural Economics.$bDivision of Fruits and Vegetables.
=710  1\$aUnited States.$bAgricultural Marketing Service.
=710  1\$aUnited States.$bAgricultural Marketing Administration.
=710  1\$aUnited States.$bWar Food Administration.
=785  00$aUnited States. War Food Administration. Office of Distribution.$tFruit and Vegetable Branch administrative letter.
=856  41$uhttps://archive.org/details/usda-administrativeletterfruitandvegetabledivision
=912  \\$analcatalog
=930  \\$a20140902$b20141003$c00000000
=939  \\$a20140530$b20140606$c00000000
=945  \\$aDigiMet
=945  \\$vpt. 1
=945  \\$p464
=945  \\$aDigiMet
=945  \\$vpt. 2
=945  \\$p26
=945  \\$aDigiMet
=945  \\$vpt. 3
=945  \\$p398
=945  \\$aDigiMet
=945  \\$vpt. 4
=945  \\$p20
=945  \\$aDigiMet
=945  \\$vpt. 5
=945  \\$p452
=945  \\$aDigiMet
=945  \\$vpt. 6
=945  \\$p62
=945  \\$aDigiMet
=945  \\$vpt. 7
=945  \\$p620
=945  \\$aDigiMet
=945  \\$vpt. 8
=945  \\$p26
=945  \\$aDigiMet
=945  \\$vpt. 9
=945  \\$p602
=945  \\$aDigiMet
=945  \\$vpt. 10
=945  \\$p684
=945  \\$aDigiMet
=945  \\$vpt. 11
=945  \\$p642
=945  \\$aDigiMet
=945  \\$vpt. 12
=945  \\$p476
=945  \\$aDigiMet
=945  \\$vpt. 13
=945  \\$p426
=945  \\$aDigiMet
=945  \\$vpt. 14
=945  \\$p512
=945  \\$aDigiMet
=945  \\$vpt. 15
=945  \\$p534
=945  \\$aDigiMet
=945  \\$vpt. 16
=945  \\$p756
=945  \\$aDigiMet
=945  \\$vpt. 17
=945  \\$p722
=945  \\$aDigiMet
=945  \\$vpt. 18
=945  \\$p170
=945  \\$aDigiMet
=945  \\$vpt. 19
=945  \\$p288
=945  \\$aDigiMet
=945  \\$vpt. 20
=945  \\$p252
=945  \\$aDigiMet
=945  \\$vpt. 21
=945  \\$p184
=945  \\$aDigiMet
=945  \\$vpt. 22
=945  \\$p14
=946  \\$aUSDA
=959  \\$c2014-05-19$ergallett$gaccadd
=959  \\$c2014-05-30$ejgilbert$gsubjadd
=994  \\$a92$bAGL

