=LDR  02073naa a2200577 a 4500
=001  9916343056107426
=005  20240617114721.0
=008  960409s1995\\\\dcu|||||o|||||||||||eng||
=016  7\$aCAT10745762$2DNAL
=024  7\$a10113/36540$2hdl
=035  \\$aagid:36540-01nal_inst
=040  \\$aAGL$beng$cAGL
=072  \0$aQ200
=245  10$aTracking foodborne pathogens from farm to table$bdata needs to evaluate control options : conference proceedings January 9-10, 1995, Washington, D.C$c[Tanya Roberts, Helen Jensen, and Laurian Unnevehr, editors]
=347  \\$atext file$bPDF$2rdaft
=440  \\$aMiscellaneous publication (United States. Dept. of Agriculture) ; no. 1532
=500  \\$aCover title.
=500  \\$a"December 1995"--Preliminaries.
=500  \\$a"An Economic Research Service report."
=500  \\$aIncludes bibliographical references.
=500  \\$aAlso available on the Internet.
=500  \\$a2019-12-05
=655  \7$aCongresses
=655  \7$aCongresses
=655  \7$aCongresses
=655  \7$aCongresses
=650  \3$aHACCP
=650  \3$afood pathogens
=650  \3$afoodborne illness
=650  \3$acost benefit analysis
=651  \3$aUnited States
=653  \0$afood safety
=700  1\$aRoberts, Tanya.
=700  1\$aJensen, Helen H.
=700  1\$aUnnevehr, Laurian.
=710  2\$aUnited States.$bDepartment of Agriculture.$bEconomic Research Service.
=787  1\$oproduct_naldc
=787  1\$onaldc_COLL00002
=856  \0$uhttps://handle.nal.usda.gov/10113/36540$3Available in the National Agricultural Library Digital Collections
=856  40$uhttps://archive.org/details/trackingfoodborn1532robe$3electronic resource
=912  \\$aDigital item
=926  \\$aPDF model
=930  \\$a20140305$b20140404$c00000000
=945  \\$a SA$d 96$e04/04
=945  \\$p200
=945  \\$aDigiMet
=946  \\$aUSDA
=952  \\$a20140305 20140404 00000000
=961  \\$aUSDA/ERS
=971  \\$bdcu
=974  \\$aagid:36540
=985  \\$aConverted from MARCXML to MODS version 3.4 using MARC21slim2MODS3-4.xsl {09}{09}{09}{09}(Revision 1.95 2014/04/23)
=986  \\$a776245

