=LDR  02478naa a2200649 a 4500
=001  9916343937307426
=005  20240617115604.0
=008  791211s19769999lau|||||o|||||||||||eng||
=016  7\$aCAT10533750$2DNAL
=024  7\$a10113/365$2hdl
=035  \\$aagid:365-01nal_inst
=040  \\$aAGL$beng$cAGL
=072  \0$aF110
=245  10$aCultivation of neglected tropical fruits with promise
=246  3\$aMangosteen
=246  3\$aMamey sapote
=246  3\$aPummelo
=246  3\$aLanson
=246  3\$aCanistel and its relatives
=246  3\$aRambutan
=246  3\$aDurian
=246  3\$aPejibaye
=347  \\$atext file$bPDF$2rdaft
=440  \\$aARS-S ; no. 155, 156, 157, 171
=505  0\$apt. 1. Mangosteen -- p.t 2. Mamey sapote -- pt. 3. Pummelo -- pt. 4. Lanson -- pt. 5. Canistel and its relatives -- pt. 6. Rambutan -- pt. 7. Durian -- pt. 8. Pejibaye.
=500  \\$aPts. 1-4 appeared as no. 155, 156, 157, and 171 in ARS-S, a serial publication of the Agricultural Research Service, U.S. Dept. of Agriculture.  Pts. 5-   were published by the Science and Education Administration, U.S.D.A.
=500  \\$aIncludes bibliographical references.
=500  \\$aAlso available on the Internet.
=650  \0$aTropical fruit
=650  \3$atropical and subtropical fruits
=710  2\$aUnited States.$bAgricultural Research Service.
=710  2\$aUnited States.$bScience and Education Administration.
=774  0\$tMangosteen.$7nnas
=774  0\$tMamey sapote.$7nnas
=774  0\$tPummelo.$7nnas
=774  0\$tLanson.$7nnas
=774  0\$tCanistel and its relatives.$7nnas
=774  0\$tRambutan.$7nnas
=774  0\$tDurian.$7nnas
=774  0\$tPejibaye.$7nnas
=787  1\$oproduct_naldc
=787  1\$onaldc_COLL00003
=856  \0$uhttps://handle.nal.usda.gov/10113/365$3Available in the National Agricultural Library Digital Collections
=856  40$uhttps://archive.org/details/cultivationofneg155unit$3electronic resource
=810  \\$aUnited States. Agricultural Research Service. $bAgricultural Research Service.
=912  \\$aDigital item
=926  \\$aPDF model
=930  \\$a20140702$b00000000$c00000000
=945  \\$a DF$d94/$e3/24
=945  \\$p28
=945  \\$aDigiMet
=946  \\$aUSDA
=952  \\$a20140702 00000000 00000000
=961  \\$aUSDA/ARS
=971  \\$blau
=974  \\$aagid:365
=984  \\$a2020-03-06
=985  \\$aConverted from MARCXML to MODS version 3.4 using MARC21slim2MODS3-4.xsl {09}{09}{09}{09}(Revision 1.95 2014/04/23)
=986  \\$a605044

