=LDR  01617naa a2200457 a 4500
=001  9916344966207426
=005  20240617122551.0
=008  800401s1966\\\\cau|||||o|||||||||||eng||
=016  7\$aCAT10231036$2DNAL
=024  7\$a10113/50502$2hdl
=035  \\$aagid:50502-01nal_inst
=040  \\$aAGL$beng$cAGL
=100  1\$aReginato, R. J.
=245  10$aRepair of cracks in concrete channel linings$c[Robert J. Reginato and Lloyd E. Myers].
=347  \\$atext file$bPDF$2rdaft
=440  \\$aARS (Series) (United States. Agricultural Research Service) ; 121
=500  \\$a"June 1966"
=500  \\$aIncludes bibliographical references.
=500  \\$aAlso available on the Internet.
=650  \0$aCanals$xMaintenance and repair.
=650  \0$aConcrete construction
=650  \0$aWaterproofing
=650  \3$acanals (waterways)
=650  \3$aconcrete
=650  \3$amaintenance and repair
=700  1\$aMyers, Lloyd E.
=710  2\$aUnited States.$bAgricultural Research Service.
=787  1\$oproduct_naldc
=787  1\$onaldc_COLL00002
=856  \0$uhttps://handle.nal.usda.gov/10113/50502$3Available in the National Agricultural Library Digital Collections
=856  40$uhttp://archive.org/details/repairofcracksin12regi$3electronic resource
=912  \\$aDigital item
=926  \\$aPDF model
=930  \\$a20131022$b20131101$c00000000
=945  \\$aDigiMet
=945  \\$p14
=946  \\$aUSDA
=952  \\$a20131022 20131101 00000000
=961  \\$aUSDA/ARS
=971  \\$bcau
=974  \\$aagid:50502
=985  \\$aConverted from MARCXML to MODS version 3.4 using MARC21slim2MODS3-4.xsl {09}{09}{09}{09}(Revision 1.95 2014/04/23)
=986  \\$a201309

