=LDR  01144naa a2200349 u 4500
=001  9916344976607426
=005  20240617122614.0
=008  800401s1966\\\\\\\|||||o|||||||||||eng||
=016  7\$aCAT10227773$2DNAL
=024  7\$a10113/32807$2hdl
=035  \\$aagid:32807-01nal_inst
=040  \\$aAGL$beng$cAGL
=072  \0$aX500
=100  1\$aSohns, V. E.
=245  10$aMicrobial polymers, a preliminary cost estimate
=347  \\$atext file$bPDF$2rdaft
=440  \\$aARS 71 ; 33
=500  \\$aIssued Feb. 1966
=650  \3$apolymers
=787  1\$oproduct_naldc
=787  1\$onaldc_COLL00002
=856  \0$uhttps://handle.nal.usda.gov/10113/32807$3Available in the National Agricultural Library Digital Collections
=856  40$uhttps://archive.org/details/microbialpolymer7133sohn$3electronic resource
=912  \\$aDigital item
=926  \\$aPDF model
=930  \\$a20140411$b20140502$c00000000
=945  \\$aDigiMet
=945  \\$p20
=946  \\$aUSDA
=952  \\$a20140411 20140502 00000000
=961  \\$aUSDA/ARS
=974  \\$aagid:32807
=985  \\$aConverted from MARCXML to MODS version 3.4 using MARC21slim2MODS3-4.xsl {09}{09}{09}{09}(Revision 1.95 2014/04/23)
=986  \\$a194947

