=LDR  02192naa a2200541 a 4500
=001  9916345089907426
=005  20240617122738.0
=008  970718s1997\\\\dcu|||||o|||||||||||eng||
=016  7\$aCAT10830546$2DNAL
=024  7\$a10113/33425$2hdl
=035  \\$aagid:33425-01nal_inst
=040  \\$aAGL$beng$cAGL
=072  \0$aF800
=072  \0$aJ710
=245  10$aProceedings of the third National IPM Symposium/Workshop$bbroadening support for 21st century IPM : February 27-March 1, 1996, Washington, DC$cedited by Sarah Lynch, Catherine Greene, and Carol Kramer-LeBlanc.
=246  3\$aBroadening support for 21st century IPM
=347  \\$atext file$bPDF$2rdaft
=440  \\$aMiscellaneous publication (United States. Dept. of Agriculture) ; no. 1542
=500  \\$aCover title.
=500  \\$a"May 1997"--Prelim.
=500  \\$aConference sponsored by ESCOP Pest Management Strategies Subcommittee ... [et al.].
=500  \\$aErrata slip inserted.
=500  \\$a"An Economic Research Service report."
=500  \\$aIncludes bibliographical references and index.
=500  \\$aAlso available via remote access.
=655  \7$aCongresses
=650  \3$aintegrated pest management
=651  \3$aUnited States
=711  2\$aNational Integrated Pest Management Symposium/Workshop 1996 : Washington, D.C.)
=700  1\$aLynch, Sarah.
=700  1\$aGreene, Catherine.
=710  2\$aUnited States.$bDepartment of Agriculture.$bEconomic Research Service.
=710  2\$aESCOP Pest Management Strategies Subcommittee
=787  1\$oproduct_naldc
=787  1\$onaldc_COLL00002
=856  \0$uhttps://handle.nal.usda.gov/10113/33425$3Available in the National Agricultural Library Digital Collections
=856  40$uhttps://archive.org/details/proceedingsofthi1542nati$3electronic resource
=912  \\$aDigital item
=926  \\$aPDF model
=930  \\$a20140305$b20140404$c00000000
=945  \\$a AR$d 97$e07/09
=945  \\$p316
=945  \\$aDigiMet
=946  \\$aUSDA
=952  \\$a20140305 20140404 00000000
=961  \\$aUSDA/ERS
=971  \\$bdcu
=974  \\$aagid:33425
=985  \\$aConverted from MARCXML to MODS version 3.4 using MARC21slim2MODS3-4.xsl {09}{09}{09}{09}(Revision 1.95 2014/04/23)
=986  \\$a798778

