=LDR  01494naa a2200421 a 4500
=001  9916345334107426
=005  20240617124131.0
=008  890419s1950\\\\dcu|||||o|||||||||||eng||
=016  7\$aCAT10308219$2DNAL
=024  7\$a10113/32311$2hdl
=035  \\$aagid:32311-01nal_inst
=040  \\$aAGL$beng$cAGL
=072  \0$aQ104
=100  1\$aJacobs, P. Burke$db. 1889
=245  10$aIndustrial alcohol$ba study of the technology, production, and uses of alcohol in relation to agriculture$cby P. Burke Jacobs.
=347  \\$atext file$bPDF$2rdaft
=440  \\$aMiscellaneous publication / United States Department of Agriculture ; no. 695
=500  \\$aCaption title.
=500  \\$aBibliography: p. 92-101.
=500  \\$aAlso avaliable on the Internet.
=650  \0$aAlcohol, Denatured
=650  \3$aalcohols
=650  \3$aalcohol fuels
=787  1\$oproduct_naldc
=787  1\$onaldc_COLL00002
=856  \0$uhttps://handle.nal.usda.gov/10113/32311$3Available in the National Agricultural Library Digital Collections
=856  40$uhttps://archive.org/details/industrialalcoho695jaco$3electronic resource
=852  \\$aDNAL
=912  \\$aDigital item
=926  \\$aPDF model
=930  \\$a20140305$b20140404$c00000000
=945  \\$aDigiMet
=945  \\$p116
=946  \\$aUSDA
=952  \\$a20140305 20140404 00000000
=961  \\$aUSDA/ARS
=971  \\$bdcu
=974  \\$aagid:32311
=985  \\$aConverted from MARCXML to MODS version 3.4 using MARC21slim2MODS3-4.xsl {09}{09}{09}{09}(Revision 1.95 2014/04/23)
=986  \\$a347049

