=LDR  02139cam a2200541Ia 4500
=001  9915545428907426
=005  20240624192816.0
=008  800401s1965\\\\mnua\\\\\\\\\f000\0\eng\d
=016  7\$aCAT10227807$2DNAL
=019  \\$a1039827652$a1231862116
=035  \\$a195012
=035  \\$a(OCoLC)54684109$z(OCoLC)1039827652$z(OCoLC)1231862116
=035  \\$a(DNAL)195012-naldb-Voyager
=035  \\$z(OCoLC)1039827652$z(OCoLC)1231862116
=040  \\$aNRC$beng$cNRC$dOCLCQ$dMTG$dOCLCA$dOCLCF$dOCLCQ$dSEA$dCOD$dAGM$dWURST$dAGL
=049  \\$aAGLL
=050  \0$aSD11$b.F7624 no.70
=070  \\$aA99.9$bF7624 no. 70
=072  \0$a8000
=086  0\$aA 13.79:LS-70
=100  1\$aStoeckeler, J. H.$q(Joseph Henry),$d1908-$0http://id.loc.gov/authorities/names/n91006743
=245  10$aFrost penetration and trafficability in two peats as affected by snowpack and surface mosses /$c[J.H. Stoeckeler].
=260  \\$aSt. Paul, Minn. :$bLake States Forest Experiment Station, U.S. Dept. of Agriculture,$c1965.
=300  \\$a4 unnumbered pages :$billustrations ;$c28 cm.
=336  \\$atext$btxt$2rdacontent
=337  \\$aunmediated$bn$2rdamedia
=338  \\$avolume$bnc$2rdacarrier
=490  1\$aResearch note LS ;$v70
=591  \\$bNAL Reclamation
=593  \\$fAgricola CAT
=650  \0$aDepth hoar.$0http://id.loc.gov/authorities/subjects/sh85037068
=650  \0$aPeat.$0http://id.loc.gov/authorities/subjects/sh85099078
=650  \0$aTrafficability.$0http://id.loc.gov/authorities/subjects/sh85136784
=650  \3$afreezing.
=650  \3$athawing.
=650  \3$apeat soils.
=650  \3$asnow.
=650  \3$afrost.
=655  \3$aInternet resource.
=710  2\$aLake States Forest Experiment Station (Saint Paul, Minn.)$0http://id.loc.gov/authorities/names/n80044738
=810  2\$aLake States Forest Experiment Station (Saint Paul, Minn.)$tResearch note LS ;$v70.
=856  41$uhttps://archive.org/details/frostpenetration70stoe
=912  \\$analcatalog
=930  \\$a20140305$b20140404$c00000000
=939  \\$a20130110$b20130201$c00000000
=945  \\$aDigiMet
=945  \\$p10
=946  \\$aUSDA
=959  \\$c2013-01-10$ejgilbert$glf
=994  \\$a92$bAGL

