=LDR  02745cam a2200625 a 4500
=001  9915545443507426
=005  20240620124553.0
=008  980213s1997\\\\paua\\\\\bs\\f000\0\eng\\
=010  \\$a   98105401 
=016  7\$aCAT10841977$2DNAL
=019  \\$a38372272
=035  \\$a808572
=035  \\$a(OCoLC)39060805$z(OCoLC)38372272
=035  \\$a(DNAL)808572-naldb-Voyager
=035  \\$z(OCoLC)38372272
=040  \\$aDLC$beng$cDLC$dAGL$dBTCTA$dSPI$dOCLCF$dCOD$dOCLCA$dOCLCQ$dAGM$dOCLCA
=043  \\$an-us-ny
=049  \\$aAGLL
=050  00$aSD144.N7$bW48 1997
=070  0\$aA99.9$bF7622Uf no.139
=072  \0$aK250
=086  0\$aA 13.80:NE-139
=100  1\$aWharton, Eric H.$0http://id.loc.gov/authorities/names/n80111442
=245  10$aEstimating total forest biomass in New York, 1993 /$cEric H. Wharton, Carol L. Alerich, David A. Drake.
=260  \\$aRadnor, Pa. (5 Radnor Corp. Ctr., Suite 200, Radnor 19087-4585) :$bUnited States Dept. of Agriculture, Forest Service, Northeastern Forest Experiment Station ;$aDelaware, OH :$b[Distributed by] USDA Forest Service Publications Distribution,$c[1997]
=300  \\$a48 pages :$billustrations ;$c28 cm.
=336  \\$atext$btxt$2rdacontent
=337  \\$aunmediated$bn$2rdamedia
=338  \\$avolume$bnc$2rdacarrier
=490  1\$aResource bulletin NE ;$v139
=504  \\$aIncludes bibliographical references (pages 30-32).
=591  \\$bNAL Reclamation
=593  \\$fAgricola CAT
=650  \0$aForest biomass$zNew York (State)$xMeasurement.
=650  \3$aforest inventory.
=650  \3$abiomass.
=650  \3$aforests.
=650  \3$aestimation.
=651  \3$aNew York.
=651  \7$aNew York (State)$2fast$0(OCoLC)fst01210280
=655  \3$aInternet resource.
=700  1\$aAlerich, Carol L.$0http://id.loc.gov/authorities/names/no91018257
=700  1\$aDrake, David A.$0http://id.loc.gov/authorities/names/n96004164
=710  1\$aUnited States.$bDepartment of Agriculture.
=710  2\$aNortheastern Forest Experiment Station (Radnor, Pa.)
=776  08$iOnline version:$aWharton, Eric H.$tEstimating total forest biomass in New York, 1993.$dRadnor, Pa. (5 Radnor Corp. Ctr., Suite 200, Radnor 19087-4585) : U.S. Dept. of Agriculture, Forest Service, Northeastern Forest Experiment Station ; Delaware, OH : [Distributed by] USDA Forest Service Publications Distribution, [1997]$w(OCoLC)624313803
=830  \0$aResource bulletin NE ;$v139.
=856  41$uhttps://archive.org/details/estimatingtotalf139whar
=912  \\$analcatalog
=930  \\$a20140207$b20140307$c00000000
=938  \\$aBaker and Taylor$bBTCP$n98105401
=939  \\$a19980301$b19980309$c00000000
=945  \\$dDF$e98/02/11$fCMM$g98/02/13$n1
=945  \\$p56
=945  \\$aDigiMet
=946  \\$aUSDA
=994  \\$a92$bAGL

