=LDR  01904cam a2200481I  4500
=001  9915545446407426
=005  20240624192818.0
=008  980210s1938\\\\dcuabk\\\\\\\\000\0\eng\d
=016  7\$aCAT10841555$2DNAL
=035  \\$a808230
=035  \\$a(OCoLC)01098167
=035  \\$a(DNAL)808230-naldb-Voyager
=040  \\$aNYG$beng$cNYG$dOCL$dAGL$dOCLCQ$dOCLCG$dCUY$dOCLCQ$dOCLCF$dOCLCQ$dOCLCO
=043  \\$an-us---
=049  \\$aAGLL
=050  10$aHD1471.U5$bA3
=070  0\$a1.9$bEc762LS 1938
=072  \0$aE200
=100  1\$aMumford, D. Curtis$q(Dwight Curtis),$d1900-$0http://id.loc.gov/authorities/names/no94021454
=245  10$aLarge-scale farming in the United States,$cby D. Curtis Mumford.
=260  \\$aWashington,$bU.S. Dept. of Agriculture,$c1938.
=300  \\$a52 pages$billustrations, map, forms$c27 cm
=336  \\$atext$btxt$2rdacontent
=337  \\$aunmediated$bn$2rdamedia
=338  \\$avolume$bnc$2rdacarrier
=530  \\$aAlso available on the Internet.
=591  \\$bNAL Reclamation
=593  \\$fAgricola CAT
=650  \0$aAgriculture$zUnited States.$0http://id.loc.gov/authorities/subjects/sh85002470
=650  \0$aFarms$zUnited States.
=651  \7$aUnited States.$2fast$0(OCoLC)fst01204155
=655  \3$aInternet resource.
=710  1\$aUnited States.$bBureau of Agricultural Economics.$0http://id.loc.gov/authorities/names/n80060900
=776  08$iOnline version:$aMumford, D. Curtis (Dwight Curtis), 1900-$tLarge-scale farming in the United States.$dWashington, U.S. Dept. of Agriculture, 1938$w(OCoLC)685203120
=856  41$uhttp://archive.org/details/largescalefarmin00mumf
=912  \\$analcatalog
=930  \\$a20210623$b00000000$c00000000
=939  \\$a20130906$b20131018$c00000000
=939  \\$a19980301$b19980309$c00000000
=945  \\$aDigiMet
=945  \\$p114
=946  \\$aOther US
=959  \\$c2013-09-06$essouder$gurl
=959  \\$c2021-06-23$earojas$gupgrade
=994  \\$a92$bAGL

