=LDR  01140cam a2200361M  4500
=001  9915545452007426
=005  20240624192820.0
=008  800401s1967\\\\dcu\\\\\\\\\\\000\0\eng\d
=016  7\$aCAT10240697$2DNAL
=035  \\$a195944
=035  \\$a(OCoLC)1289153992
=035  \\$a(DNAL)195944-naldb-Voyager
=040  \\$aAGL$beng$cAGL
=049  \\$aAGLL
=070  \\$aA280.39$bR31A no. 15
=072  \0$a1500
=100  1\$aHardenburg, Robert Earle,$d1919-
=245  10$aWax and related coatings for horticultural products; a bibliography$c[by R. E. Hardenburg.
=260  \\$aWashington]$bU.S. Dept. of Agriculture, Agricultural Research Service,$c1967.
=300  \\$a15 p.$c26 cm.
=490  1\$a[U.S. Agricultural Research Service] ARS 51-15
=591  \\$bNAL Reclamation
=593  \\$fAgricola CAT
=650  \0$aWaxes$xBibliography.
=650  \0$aFruit$xWaxing.
=655  \3$aInternet resource.
=830  \0$aARS 51 ;$v15.
=856  41$uhttps://archive.org/details/waxrelatedcoatin15hard
=912  \\$analcatalog
=930  \\$a20140306$b20140404$c00000000
=945  \\$aDigiMet
=945  \\$p24
=946  \\$aUSDA
=959  \\$c2014-03-06$earojas$gap
=994  \\$a92$bAGL

