=LDR  01237cam a2200373M  4500
=001  9915545453107426
=005  20240624192821.0
=008  800401s1968\\\\dcu\\\\\\\\\\\000\0\eng\d
=016  7\$aCAT10240503$2DNAL
=035  \\$a195563
=035  \\$a(OCoLC)1289157735
=035  \\$a(DNAL)195563-naldb-Voyager
=040  \\$aAGL$beng$cAGL
=049  \\$aAGLL
=070  \\$aA280.39$bR31A no. 18
=072  \0$a1500
=100  1\$aCeponis, Michael John,$d1916-
=245  10$aEffect of relative humidity on moisture loss and decay of eastern lettuce prepackaged in different film$c[by M. J. Ceponis and J. Kaufman.
=260  \\$aWashington]$bAgricultural Research Service, U.S. Dept. of Agriculture,$c1968.
=300  \\$a9 p.$billus.$c26 cm.
=490  1\$a[U.S. Agricultural Research Service] ARS 51-18
=504  \\$aBibliography: p. 8-9.
=591  \\$bNAL Reclamation
=593  \\$fAgricola CAT
=650  \0$aLettuce$xPackaging.
=655  \3$aInternet resource.
=700  1\$aKaufman, Jacob,$d1907-
=830  \0$aARS 51 ;$v18.
=856  41$uhttps://archive.org/details/effectofrelative18cepo
=912  \\$analcatalog
=930  \\$a20140306$b20140404$c00000000
=945  \\$aDigiMet
=945  \\$p16
=946  \\$aUSDA
=959  \\$c2014-03-06$earojas$gap
=994  \\$a92$bAGL

