=LDR  02180cam a2200541Ia 4500
=001  9915545461107426
=005  20240624192813.0
=007  he\bmb024bbca
=008  981222s1997\\\\oruab\\\bb\\\f000\0\eng\d
=016  7\$aCAT10859277$2DNAL
=019  \\$a1225656270
=035  \\$a808483
=035  \\$a(OCoLC)38435946$z(OCoLC)1225656270
=035  \\$a(DNAL)808483-naldb-Voyager
=035  \\$z(OCoLC)1225656270
=040  \\$aGPO$beng$cGPO$dCOD$dOCLCA$dOCLCQ$dOCLCO$dOCLCQ$dOCLCF$dOCLCA$dAGL
=043  \\$an-us-pa
=049  \\$aAGLL
=070  0\$aFiche$bS-133 (A 13.79:NE-360 )
=072  \0$aK000
=074  \\$a0083-B-04 (MF)
=086  0\$aA 13.79:NE-360
=100  1\$aMcWilliams, William H.$0http://id.loc.gov/authorities/names/n85223224
=245  10$aCharacteristics of declining forest stands on the Allegheny National Forest /$cW.H. McWilliams [and others].
=260  \\$a[Radnor, Pa.?] :$bU.S. Dept. of Agriculture, Forest Service, Northeastern Forest Experiment Station,$c[1997?]
=300  \\$a9 pages :$billustrations, map ;$c28 cm.
=336  \\$atext$btxt$2rdacontent
=337  \\$amicroform$bh$2rdamedia
=338  \\$amicrofiche$bhe$2rdacarrier
=490  1\$aResearch note NE ;$v360
=504  \\$aIncludes bibliographical references (pages 8-9).
=533  \\$aMicrofiche.$b[Washington, D.C.] :$cSupt. of Docs., U.S. G.P.O.,$d[1997].$e1 microfiche : negative.
=591  \\$bNAL Reclamation
=593  \\$fAgricola CAT
=650  \0$aForest declines$xResearch$zPennsylvania$zAllegheny National Forest.
=650  \0$aTree declines$xResearch$zPennsylvania$zAllegheny National Forest.
=650  \0$aEcosystem management$xResearch$zPennsylvania$zAllegheny National Forest.
=651  \7$aPennsylvania$zAllegheny National Forest.$2fast$0(OCoLC)fst01308536
=655  \3$aInternet resource.
=710  2\$aNortheastern Forest Experiment Station (Radnor, Pa.)
=830  \0$aResearch note NE ;$v360.
=856  41$uhttps://archive.org/details/characteristicso360mcwi
=912  \\$analcatalog
=930  \\$a20140115$b20140207$c00000000
=939  \\$a19990101$b19990111$c00000000
=945  \\$aDigiMet
=945  \\$p16
=946  \\$aUSDA
=959  \\$c2014-01-15$essouder$gurl
=994  \\$a92$bAGL

