=LDR  01841cam a2200457Ia 4500
=001  9915545477907426
=005  20240624192815.0
=008  800401s1966\\\\mdua\\\\\b\\\f000\0\eng\d
=016  7\$aCAT10228295$2DNAL
=035  \\$a195971
=035  \\$a(OCoLC)34891034
=035  \\$a(DNAL)195971-naldb-Voyager
=040  \\$aWCA$beng$cWCA$dOCLCQ$dOCLCG$dOCLCQ$dOCLCO$dOCLCF$dOCLCQ$dOCLCA$dAGL
=049  \\$aAGLL
=070  0\$aA56.9$bR31 no. 122
=072  \0$a8500
=100  1\$aBrakensiek, D. L.$q(Donald L.),$d1928-$0http://id.loc.gov/authorities/names/n79089110
=245  10$aStorage flood routing without coefficients /$c[D.L. Brakensiek].
=260  \\$aBeltsville, Md. :$bU.S. Dept. of Agriculture, Agricultural Research Service,$c1966.
=300  \\$a27 pages :$billustrations ;$c26 cm.
=336  \\$atext$btxt$2rdacontent
=337  \\$aunmediated$bn$2rdamedia
=338  \\$avolume$bnc$2rdacarrier
=490  1\$aARS ;$v41-122
=504  \\$aIncludes bibliographical references (page 20).
=530  \\$aAlso available online.
=591  \\$bNAL Reclamation
=593  \\$fAgricola CAT
=650  \0$aFlood routing$xMathematical models.
=655  \3$aInternet resource.
=710  1\$aUnited States.$bAgricultural Research Service.
=776  08$iOnline version:$aBrakensiek, D. L. (Donald L.), 1928-$tStorage flood routing without coefficients.$dBeltsville, Md. : U.S. Dept. of Agriculture, Agricultural Research Service, 1966$w(OCoLC)1033695523
=830  \0$aARS (Series) (United States. Agricultural Research Service) ;$v41-122.
=856  41$uhttps://archive.org/details/storagefloodrout12brak
=912  \\$analcatalog
=930  \\$a20201016$b00000000$c00000000
=939  \\$a20131022$b20131101$c00000000
=945  \\$aDigiMet
=945  \\$p32
=946  \\$aUSDA
=959  \\$c2013-10-22$essouder$gurl
=959  \\$c2020-10-16$ecbarone$gother
=994  \\$a92$bAGL

