=LDR  02271cam a2200517Ia 4500
=001  9915545492107426
=005  20240620125851.0
=008  800401s1966\\\\utuab\\\\b\\\f000\0\eng\d
=016  7\$aCAT10228306$2DNAL
=019  \\$a631103807$a1039858778$a1231861823
=035  \\$a195993
=035  \\$a(OCoLC)32189922$z(OCoLC)631103807$z(OCoLC)1039858778$z(OCoLC)1231861823
=035  \\$a(DNAL)195993-naldb-Voyager
=035  \\$z(OCoLC)631103807$z(OCoLC)1039858778$z(OCoLC)1231861823
=040  \\$aSDB$beng$cSDB$dOCL$dNUI$dOCLCQ$dOCLCF$dOCLCQ$dAGM$dAGL
=043  \\$anr-----
=049  \\$aAGLL
=070  \\$aA99.9$bF764Un no. 42
=072  \0$a4500
=086  0\$aA 13.79:INT-42
=100  1\$aBrickell, James E.
=245  10$aSite index curves for Engelmann spruce in the northern and central Rocky Mountains /$cJames E. Brickell.
=260  \\$aOgden, Utah :$bU.S. Dept. of Agriculture, Forest Service, Intermountain Forest & Range Experiment Station,$c1966.
=300  \\$a8 pages :$billustrations, 1 map ;$c27 cm.
=336  \\$atext$btxt$2rdacontent
=337  \\$aunmediated$bn$2rdamedia
=338  \\$avolume$bnc$2rdacarrier
=490  1\$aU.S. Forest Service Research Note INT ;$v42
=504  \\$aIncludes bibliographical references (page 8).
=591  \\$bNAL Reclamation
=593  \\$fAgricola CAT
=650  \0$aEngelmann spruce$zRocky Mountains.
=650  \0$aSite index (Forestry)$xMathematical models.
=650  \0$aSite index (Forestry)$vTables.
=650  \3$aPicea engelmannii.
=651  \7$aRocky Mountains.$2fast$0(OCoLC)fst01241420
=655  \3$aInternet resource.
=655  \7$aTables.$2fast$0(OCoLC)fst01423914
=710  2\$aIntermountain Forest and Range Experiment Station (Ogden, Utah)$0http://id.loc.gov/authorities/names/n79062786
=776  08$iOnline version:$aBrickell, James E.$tSite index curves for Engelmann spruce in the northern and central Rocky Mountains.$dOgden, Utah : U.S. Dept. of Agriculture, Forest Service, Intermountain Forest & Range Experiment Station, 1966$w(OCoLC)630467832
=830  \0$aU.S. Forest Service research note INT ;$v42.
=856  41$uhttps://archive.org/details/siteindexcurvesf42bric
=912  \\$analcatalog
=930  \\$a20140604$b00000000$c00000000
=945  \\$aDigiMet
=945  \\$p12
=946  \\$aUSDA
=994  \\$a92$bAGL

