=LDR  01998cam a2200505 a 4500
=001  9915545493707426
=005  20240624192821.0
=008  800401s1966\\\\orua\\\\\b\\\f000\0\eng\d
=016  7\$aCAT10228096$2DNAL
=019  \\$a1039852562$a1231774591
=035  \\$a195578
=035  \\$a(OCoLC)58976751$z(OCoLC)1039852562$z(OCoLC)1231774591
=035  \\$a(DNAL)195578-naldb-Voyager
=035  \\$z(OCoLC)1039852562$z(OCoLC)1231774591
=040  \\$aORE$beng$cORE$dOCL$dMTG$dOCLCF$dOCLCO$dOCLCQ$dAGM$dOCLCQ$dOCLCO$dAGL
=043  \\$an-us-wa
=049  \\$aAGLL
=050  \0$aSD143$b.U51 no.35
=070  \\$aA99.9$bF7625U no. 35
=072  \0$a4500
=086  0\$aA 13.79:PNW-35
=100  1\$aWorthington, Norman P.,$d1903-$0http://id.loc.gov/authorities/names/no96003027
=245  10$aResponse to thinning 60-year-old Douglas-fir /$cby Norman P. Worthington.
=260  \\$aPortland, Or. :$bPacific Northwest Forest and Range Experiment Station, U.S. Dept. of Agriculture,$c[1966]
=300  \\$a5 pages :$billustrations ;$c28 cm
=336  \\$atext$btxt$2rdacontent
=337  \\$aunmediated$bn$2rdamedia
=338  \\$avolume$bnc$2rdacarrier
=490  1\$aU.S. Forest Service research note PNW ;$v35
=504  \\$aIncludes bibliographical references.
=591  \\$bNAL Reclamation
=593  \\$fAgricola CAT
=650  \0$aDouglas fir$xThinning$zWashington (State)$zOlympic National Forest.
=650  \3$aPseudotsuga menziesii.
=651  \3$aWashington (state)
=651  \7$aWashington (State)$zOlympic National Forest.$2fast$0(OCoLC)fst01260747
=655  \3$aInternet resource.
=710  2\$aPacific Northwest Forest and Range Experiment Station (Portland, Or.)$0http://id.loc.gov/authorities/names/n80126131
=830  \0$aU.S. Forest Service research note PNW ;$v35.
=856  41$uhttps://archive.org/details/responsetothinni35wort
=912  \\$analcatalog
=930  \\$a20140506$b00000000$c00000000
=945  \\$aDigiMet
=945  \\$p10
=946  \\$aUSDA
=959  \\$c2014-05-06$earojas$gap
=994  \\$a92$bAGL

