=LDR  02291cam a2200601Ia 4500
=001  9915545500307426
=005  20240624192812.0
=008  800401s1965\\\\mnua\\\\\b\\\f000\0\eng\d
=016  7\$aCAT10227895$2DNAL
=019  \\$a1039831799$a1231884855
=035  \\$a195187
=035  \\$a(OCoLC)54684111$z(OCoLC)1039831799$z(OCoLC)1231884855
=035  \\$a(DNAL)195187-naldb-Voyager
=035  \\$z(OCoLC)1039831799$z(OCoLC)1231884855
=040  \\$aNRC$beng$cNRC$dOCLCQ$dMTG$dOCLCQ$dSEA$dOCLCA$dCOD$dOCLCF$dAGM$dWURST$dAGL
=043  \\$an-us-mi
=049  \\$aAGLL
=050  \0$aSD11$b.F7624 no.72
=070  \\$aA99.9$bF7624 no. 72
=072  \0$a4500
=086  0\$aA 13.79:LS-72
=100  1\$aTubbs, Carl H.$q(Carl Herman)
=245  14$aThe influence of temperature and early spring conditions on sugar maple and yellow birch germination in upper Michigan /$c[Carl H. Tubbs].
=260  \\$aSt. Paul, Minn. :$bLake States Forest Experiment Station, U.S. Dept. of Agriculture,$c1965.
=300  \\$a2 unnumbered pages :$billustrations ;$c28 cm.
=336  \\$atext$btxt$2rdacontent
=337  \\$aunmediated$bn$2rdamedia
=338  \\$avolume$bnc$2rdacarrier
=490  1\$aResearch note LS ;$v72
=504  \\$aIncludes bibliographical references (page 2).
=591  \\$bNAL Reclamation
=593  \\$fAgricola CAT
=650  \0$aSugar maple$xSeeds$xEffect of temperature on$zMichigan.
=650  \0$aYellow birch$xSeeds$xEffect of temperature on$zMichigan.
=650  \3$aAcer saccharum.
=650  \3$aBetula alleghaniensis.
=650  \3$aGermination.
=650  \3$aTemperature.
=650  \3$aSpring.
=651  \3$aMichigan.
=651  \7$aMichigan.$2fast$0(OCoLC)fst01208387
=655  \3$aInternet resource.
=710  2\$aLake States Forest Experiment Station (Saint Paul, Minn.)$0http://id.loc.gov/authorities/names/n80044738
=810  2\$aLake States Forest Experiment Station (Saint Paul, Minn.)$tResearch note LS ;$v72.
=856  41$uhttps://archive.org/details/influenceoftempe72tubb
=912  \\$analcatalog
=930  \\$a20140305$b20140404$c00000000
=939  \\$a20130327$b20130404$c00000000
=939  \\$a20130110$b20130201$c00000000
=945  \\$aDigiMet
=945  \\$p8
=946  \\$aUSDA
=959  \\$c2013-01-10$ejgilbert$glf
=959  \\$c2013-03-27$earojas$gap
=994  \\$a92$bAGL

