=LDR  01374cam a2200397M  4500
=001  9915545507707426
=005  20240624192817.0
=008  800401s1967\\\\dcu\\\\\\\\\\\000\0\eng\d
=016  7\$aCAT10240687$2DNAL
=035  \\$a195924
=035  \\$a(OCoLC)1289149513
=035  \\$a(DNAL)195924-naldb-Voyager
=040  \\$aAGL$beng$cAGL
=049  \\$aAGLL
=070  \\$a1$bF76Frr no. 18
=072  \0$a4500
=100  1\$aHair, Dwight,$d1921-
=245  10$aUse of regression equations for projecting trends in demand for paper and board, with projections of demand to 1985 for major grades of paper and board, wood pulp, and pulpwood.
=260  \\$aWashington,$bU.S. Dept. of Agriculture, Forest Service,$c1967.
=300  \\$aviii, 178 p.$c26 cm.
=490  1\$a[U.S. Forest Service] Forest resource report no. 18
=504  \\$aBibliography: p. 175-178.
=591  \\$bNAL Reclamation
=593  \\$fAgricola CAT
=650  \0$aPapermaking$zUnited States.
=650  \0$aPaperboard.
=650  \0$aMarket surveys$zUnited States.
=655  \3$aInternet resource.
=740  01$aProjected demands for paper and board.
=830  \0$aForest resource report$vno. 18.
=856  41$uhttps://archive.org/details/useofregressione18hair
=912  \\$analcatalog
=930  \\$a20140306$b20140404$c00000000
=945  \\$aDigiMet
=945  \\$p196
=946  \\$aUSDA
=959  \\$c2014-03-06$earojas$gap
=994  \\$a92$bAGL

