=LDR  01599cam a2200457I  4500
=001  9915545523607426
=005  20240624192811.0
=008  800401s1966\\\\dcua\\\\\b\\\f000\0\eng\c
=010  \\$aagr66000140 
=016  7\$aCAT10228304$2DNAL
=035  \\$a195989
=035  \\$a(OCoLC)08651750
=035  \\$a(DNAL)195989-naldb-Voyager
=040  \\$aU.S. Nat'l Agr. Libr.$beng$cSER$dSER$dOCLCQ$dNUI$dOCLCF$dOCLCQ$dOCLCA$dAGL
=049  \\$aAGLL
=050  10$aS21$b.A85.73
=070  \\$aA381$bR31Ab no. 34
=072  \0$a1500
=086  0\$aA 77.15:74-34
=100  1\$aBrekke, John E.
=245  10$aTexture of brined cherries$c[by] J.E. Brekke, and others.
=260  \\$a[Washington]$bAgricultural Research Service, U.S. Dept. of Agriculture,$c1966.
=300  \\$a14 pages$billustrations$c26 cm.
=336  \\$atext$btxt$2rdacontent
=337  \\$aunmediated$bn$2rdamedia
=338  \\$avolume$bnc$2rdacarrier
=490  1\$aUnited States. Agricultural Research Service. ARS$v74-34
=504  \\$a"Literature cited": pages 13-14.
=591  \\$bNAL Reclamation
=593  \\$fAgricola CAT
=650  \0$aCherry.$0http://id.loc.gov/authorities/subjects/sh85023094
=655  \3$aInternet resource.
=710  1\$aUnited States.$bAgricultural Research Service.
=830  \0$aARS (Series) (United States. Agricultural Research Service) ;$v74-34.
=856  41$uhttps://archive.org/details/textureofbrinedc7434brek
=912  \\$analcatalog
=930  \\$a20140116$b20140207$c00000000
=945  \\$aDigiMet
=945  \\$p20
=946  \\$aUSDA
=959  \\$c2014-01-15$essouder$gurl
=959  \\$c2014-01-16$earojas$gap
=994  \\$a92$bAGL

