=LDR  02231cam a2200553Ia 4500
=001  9915545628307426
=005  20240620125637.0
=007  he\bmb024bbca
=008  981222s1996\\\\oru\\\\\bb\\\f000\0\eng\d
=016  7\$aCAT10859279$2DNAL
=019  \\$a1225757660
=035  \\$a808995
=035  \\$a(OCoLC)38449446$z(OCoLC)1225757660
=035  \\$a(DNAL)808995-naldb-Voyager
=035  \\$z(OCoLC)1225757660
=040  \\$aGPO$beng$cGPO$dOCLCQ$dOCLCO$dOCLCQ$dOCLCF$dUOK$dTKN$dAGL
=043  \\$an-us-or
=049  \\$aAGLL
=050  \0$aSD11.E32$bN4 no.PNW-RN-518
=070  0\$aFiche$bS-133 (A 13.79:PNW-RN-518 )
=072  \0$aK200
=074  \\$a0083-B-04 (MF)
=086  0\$aA 13.79:PNW-RN-518
=100  1\$aMain, Marty L.
=245  10$aReducing stand densities in immature and mature stands, Applegate Watershed, Southwest Oregon /$cMarty L. Main and Michael P. Amaranthus.
=260  \\$a[Portland, Or.] (319 S.W. Pine St., Portland 97208-3890) :$bU.S. Dept. of Agriculture, Forest Service, Pacific Northwest Research Station, USDA Forest Service,$c[1996]
=300  \\$a11 pages ;$c28 cm.
=336  \\$atext$btxt$2rdacontent
=337  \\$amicroform$bh$2rdamedia
=338  \\$amicrofiche$bhe$2rdacarrier
=490  1\$aResearch note PNW ;$vRN-518
=504  \\$aIncludes bibliographical references (pages 10-11).
=533  \\$aMicrofiche.$b[Washington, D.C.?] :$cSupt. of Docs., U.S. G.P.O.,$d[1997].$e1 microfiche : negative.
=591  \\$bNAL Reclamation
=593  \\$fAgricola CAT
=650  \0$aConifers$zOregon$zApplegate River Watershed$xDensity.
=650  \0$aEvergreens$zOregon$zApplegate River Watershed$xDensity.
=650  \0$aTrees$zOregon$zApplegate River Watershed$xGrowth.
=651  \7$aOregon$zApplegate River Watershed.$2fast$0(OCoLC)fst01277602
=655  \3$aInternet resource.
=700  1\$aAmaranthus, Michael P.
=710  2\$aPacific Northwest Research Station (Portland, Or.)$0http://id.loc.gov/authorities/names/n85303399
=830  \0$aResearch note PNW ;$v518.
=856  41$uhttps://archive.org/details/reducingstandden518main
=912  \\$analcatalog
=930  \\$a20140505$b20140606$c00000000
=939  \\$a19990301$b19990308$c00000000
=945  \\$aDigiMet
=945  \\$p16
=946  \\$aUSDA
=994  \\$a92$bAGL

