=LDR  01996cam a2200505   4500
=001  9915545716307426
=005  20240624192841.0
=008  980210s1953\\\\dcu\\\\\\b\\\f000\0\eng\d
=016  7\$aCAT10841573$2DNAL
=035  \\$a808247
=035  \\$a(OCoLC)20214282
=035  \\$a(DNAL)808247-naldb-Voyager
=040  \\$aBKL$beng$cBKL$dAGL$dOCLCQ$dAGL$dFUG$dOCLCQ$dOCLCA$dOCLCF$dOCLCQ$dOCL$dOCLCQ
=049  \\$aAGLL
=050  \0$aS560$b.U5
=070  0\$a1.941$bL6F22 no.99
=072  \0$aE200
=086  0\$aA 36.118:99
=100  1\$aCooper, M. R.$q(Martin Reese),$d1887-$0http://id.loc.gov/authorities/names/no2008022716
=245  10$aFarm management publications: 1940-1952.$c(Publications prepared by Federal Farm Management workers alone or in cooperation with State or other workers). Compiled by M.R. Cooper and Della E. Merrick.
=260  \\$a[Washington],$c[1953]
=300  \\$a90 pages$c26 cm
=336  \\$atext$btxt$2rdacontent
=337  \\$aunmediated$bn$2rdamedia
=338  \\$avolume$bnc$2rdacarrier
=490  1\$aF.M.$v99
=591  \\$bNAL Reclamation
=593  \\$fAgricola CAT
=650  \0$aFarm management$vBibliography.
=655  \3$aInternet resource.
=655  \7$aBibliographies.$2fast$0(OCoLC)fst01919895
=700  1\$aMerrick, Della E. Merrick,$ecompiler.
=710  1\$aUnited States.$bBureau of Agricultural Economics.$0http://id.loc.gov/authorities/names/n80060900
=776  08$iOnline version:$aCooper, M.R. (Martin Reese), 1887-$tFarm management publications: 1940-1952.$d[Washington], [1953]$w(OCoLC)974430839
=830  \0$aFarm Management Reports ;$v99.
=856  41$uhttps://archive.org/details/farmmanagementpu99coop
=912  \\$analcatalog
=930  \\$a20140812$b20140905$c00000000
=939  \\$a20130328$b20130404$c00000000
=939  \\$a20130213$b20130304$c00000000
=939  \\$a20100628$b20100703$c00000000
=939  \\$a19980301$b19980309$c00000000
=945  \\$aDigiMet
=945  \\$p98
=946  \\$aOther US
=959  \\$c2010-06-28$earojas$gap
=994  \\$a92$bAGL

