=LDR  02213cam a2200553 a 4500
=001  9915546660607426
=005  20240620131011.0
=008  961119s1995\\\\dcua\\\\\bt\\f000\0\eng\d
=010  \\$a   95188991 
=016  7\$aCAT10817372$2DNAL
=019  \\$a243580945
=035  \\$a787654
=035  \\$a(OCoLC)32900761$z(OCoLC)243580945
=035  \\$a(DNAL)787654-naldb-Voyager
=035  \\$z(OCoLC)243580945
=040  \\$aOrCEPA$beng$cDLC$dESB$dBTCTA$dOCLCG$dOCLCQ$dOCLCF$dOCLCO$dCOF$dOCLCQ$dOCLCA$dAGL
=042  \\$alccopycat
=043  \\$an-us---
=049  \\$aAGLL
=050  00$aS21$b.A46 no. 1391
=070  0\$a1$bAg84m no.1391
=072  \0$aK250
=086  0\$aA 1.38:1391/1995
=100  1\$aBailey, Robert G.,$d1939-$0http://id.loc.gov/authorities/names/n79114040
=245  10$aDescription of the ecoregions of the United States /$ccompiled by Robert G. Bailey.
=250  \\$a2nd ed., rev. and enl.
=260  \\$aWashington, DC :$bU.S. Dept. of Agriculture, Forest Service,$c1995.
=300  \\$av, 108 pages :$billustrations ;$c23 cm.
=336  \\$atext$btxt$2rdacontent
=337  \\$aunmediated$bn$2rdamedia
=338  \\$avolume$bnc$2rdacarrier
=490  1\$aMiscellaneous publication / United States Department of Agriculture, Forest Service ;$v1391
=504  \\$aIncludes bibliographical references (pages 96-100).
=591  \\$bNAL Reclamation
=593  \\$fAgricola CAT
=650  \0$aEcological regions$zUnited States.
=650  \0$aEcology$zUnited States.
=651  \7$aUnited States.$2fast$0(OCoLC)fst01204155
=655  \3$aInternet resource.
=776  08$iOnline version:$aBailey, Robert G., 1939-$tDescription of the ecoregions of the United States.$b2nd ed., rev. and enl.$dWashington, DC : U.S. Dept. of Agriculture, Forest Service, 1995$w(OCoLC)904224945
=830  \0$aMiscellaneous publication (United States. Department of Agriculture) ;$vno. 1391.
=856  41$uhttps://archive.org/details/descriptionofeco1391bail
=912  \\$analcatalog
=930  \\$a20140305$b20140404$c00000000
=938  \\$aBaker and Taylor$bBTCP$n95188991
=939  \\$a19961202$b19961205$c00000000
=945  \\$dEJ$e96/10/31$fEJ$g96/11/04$n1
=945  \\$p126
=945  \\$aDigiMet
=946  \\$aUSDA
=994  \\$a92$bAGL

