=LDR  01201cam a2200361Mi 4500
=001  9915546846207426
=005  20240620131127.0
=008  950131s1940\\\\nyuf\\\\\\\\\f000\0\eng\d
=016  7\$aCAT10900212$2DNAL
=035  \\$a679861
=035  \\$a(OCoLC)71072285
=035  \\$a(DNAL)679861-naldb-Voyager
=040  \\$aAGL$beng$cAGL$dOCLCF$dOCLCO$dOCLCA$dOCLCQ$dOCLCA$dAGL
=049  \\$aRQIB
=070  0\$a152.26$bSo8
=072  \0$aP200
=110  1\$aUnited States.$bArmy.$bCorps of Engineers.
=245  10$aSouthern New York flood control project, Upper Susquehanna River Watershed :$bBinghamton, Corning & Elmira local protection projects.
=260  \\$aBinghamton, NY,$c1940.
=300  \\$a5 leaves, 24 plates
=336  \\$atext$btxt$2rdacontent
=337  \\$aunmediated$bn$2rdamedia
=338  \\$avolume$bnc$2rdacarrier
=591  \\$bNAL Reclamation
=593  \\$fAgricola CAT
=650  \0$aWatersheds.$0http://id.loc.gov/authorities/subjects/sh85145749
=655  \3$aInternet resource.
=856  41$uhttps://archive.org/details/southernnewyorkf00unit
=911  \\$ichl00074788
=912  \\$analcatalog
=930  \\$a20140702$b20140807$c00000000
=945  \\$aDigiMet
=945  \\$p98
=946  \\$aOther US
=994  \\$a92$bAGL

