=LDR  02081cam a2200529Ia 4500
=001  9915546935807426
=005  20240624174825.0
=008  890419s1973\\\\dcubd\\\\bs\\f000\0\eng\d
=016  7\$aCAT10307204$2DNAL
=035  \\$a346211
=035  \\$a(OCoLC)15640344
=035  \\$a(DNAL)346211-naldb-Voyager
=040  \\$aRQF$beng$cRQF$dAGL$dIUL$dOCLCQ$dOCLCF$dOCLCO$dOCLCA
=043  \\$aae-----$apo-----$au------
=049  \\$aAGLX
=070  0\$aA281.9$bAg83 no.353
=072  \0$aE130
=072  \0$aE100
=086  0\$aA 93.21/2:353
=245  04$aThe Agricultural situation in the Far East and Oceania :$breview of 1972 and outlook for 197 [i.e. 1973].
=260  \\$aWashington, D.C. :$bU.S. Dept. of Agriculture, Economic Research Service,$c[1973?]
=300  \\$aiv, 53 pages :$b1 chart, 1 map ;$c26 cm.
=336  \\$atext$btxt$2rdacontent
=337  \\$aunmediated$bn$2rdamedia
=338  \\$avolume$bnc$2rdacarrier
=490  1\$aERS-foreign ;$v353
=591  \\$bNAL Reclamation
=593  \\$fAgricola CAT
=650  \0$aAgriculture$xEconomic aspects$zEast Asia.
=650  \0$aAgriculture$xEconomic aspects$zAustralia.
=650  \0$aAgriculture$xEconomic aspects$zNew Zealand.
=651  \7$aAustralia.$2fast$0(OCoLC)fst01204543
=651  \7$aEast Asia.$2fast$0(OCoLC)fst01243628
=651  \7$aNew Zealand.$2fast$0(OCoLC)fst01204542
=655  \3$aInternet resource.
=710  1\$aUnited States.$bDepartment of Agriculture.$bForeign Demand and Competition Division.$0http://id.loc.gov/authorities/names/n50063376
=776  08$iOnline version:$tAgricultural situation in the Far East and Oceania.$dWashington, D.C. : U.S. Dept. of Agriculture, Economic Research Service, [1973?]$w(OCoLC)755014809
=830  \0$aERS-foreign ;$v353.
=841  \\$ax$b8709220u    0   4   uu   1870922$ez
=852  \\$aDNAL$iA281.9 Ag83 no.353
=856  40$uhttps://archive.org/details/agriculturalsitu353unit
=912  \\$analcatalog
=930  \\$a20140305$b20140404$c00000000
=945  \\$aXIU
=945  \\$p62
=945  \\$aDigiMet
=946  \\$aUSDA
=959  \\$c2013-04-02$essouder$gap
=994  \\$a92$bAGL

