=LDR  02520cam a2200589Ia 4500
=001  9915546944407426
=005  20240624174822.0
=008  890419s1933\\\\dcua\\\\\b\\\f000\0\eng\d
=016  7\$aCAT10307887$2DNAL
=035  \\$a346449
=035  \\$a(OCoLC)15608024
=035  \\$a(DNAL)346449-naldb-Voyager
=040  \\$aRQF$beng$cRQF$dAGL$dVIC$dOCLCQ$dOCLCG$dOCLCQ$dOCLCF$dOCLCO$dOCLCA$dSFR
=043  \\$an-us-md
=049  \\$aAGLL
=050  \0$aS21$b.A46 no.179
=070  0\$a1$bAg84M no.179
=072  \0$aC210
=072  \0$aL100
=072  \0$aL500
=086  0\$aA 1.38:179
=100  1\$aWoodward, T. E.$q(Thompson Elwyn)$0http://id.loc.gov/authorities/names/n90704653
=245  10$aFeeding and management investigations at the United States Dairy Experiment Station at Beltsville, Md., 1932 report /$cby T.E. Woodward, J.B. Shepherd, and R.R. Graves.
=260  \\$aWashington, D.C. :$bU.S. Dept. of Agriculture,$c1933.
=300  \\$a51 pages :$billustrations ;$c23 cm.
=336  \\$atext$btxt$2rdacontent
=337  \\$aunmediated$bn$2rdamedia
=338  \\$avolume$bnc$2rdacarrier
=490  1\$aMiscellaneous publication / United States Department of Agriculture ;$vno. 179
=504  \\$aIncludes bibliographical references (page 50).
=591  \\$bNAL Reclamation
=593  \\$fAgricola CAT
=650  \0$aAgricultural experiment stations$zMaryland$zBeltsville.
=650  \0$aDairy cattle$xFeeding and feeds$zMaryland$zBeltsville.
=650  \0$aDairy farms$zMaryland$zBeltsville$xManagement.
=651  \7$aMaryland$zBeltsville.$2fast$0(OCoLC)fst01211695
=655  \3$aInternet resource.
=700  1\$aShepherd, J. B.$q(Joseph Benjamin),$d1892-$0http://id.loc.gov/authorities/names/n88629375
=700  1\$aGraves, R. R.
=710  1\$aUnited States.$bDepartment of Agriculture.
=776  08$iOnline version:$aWoodward, T.E. (Thompson Elwyn).$tFeeding and management investigations at the United States Dairy Experiment Station at Beltsville, Md., 1932 report.$dWashington, D.C. : U.S. Dept. of Agriculture, 1933$w(OCoLC)776606663
=830  \0$aMiscellaneous publication (United States. Department of Agriculture) ;$vno. 179.
=852  \\$aDNAL$i1 Ag84M no.179
=856  41$uhttps://archive.org/details/feedingmanagemen179wood
=912  \\$analcatalog
=930  \\$a20171221$b20180102$c00000000
=939  \\$a20140305$b20140404$c00000000
=939  \\$a20060413$b20060529$c00000000
=945  \\$aUIU
=945  \\$p56
=945  \\$aDigiMet
=946  \\$aUSDA
=959  \\$c2017-12-21$ergallett$gap
=994  \\$a92$bAGL

