=LDR  01649cam a2200493 a 4500
=001  9915547077307426
=005  20240624174850.0
=008  890419s1950\\\\dcuab\\\\b\\\f001\0\eng\c
=010  \\$aagr50000562  //r56
=016  7\$aCAT10308285$2DNAL
=035  \\$a(OCoLC)ocm01484311 890419
=035  \\$90308-28560
=035  \\$a346925
=035  \\$a(DNAL)346925-naldb-Voyager
=040  \\$aU.S. Nat'l Agr. Libr.$cJPL$dSER$dm/c$dAGL
=043  \\$an-us---
=049  \\$aAGLY
=070  0\$a1$bAg84M no.657
=072  \0$aF821
=072  \0$aK001
=100  10$aCraighead, Frank C.$q(Frank Cooper),$d1890-1982.
=245  10$aInsect enemies of eastern forests /$cby F.C. Craighead.
=260  0\$aWashington, D.C. :$bU.S. Dept. of Agriculture,$c1950.
=300  \\$aii, 679 p. :$bill., map ;$c23 cm.
=490  0\$aMiscellaneous publication / United States Department of Agriculture ;$vno. 657
=500  \\$aContribution from Bureau of Entomology and Plant Quarantine.
=500  \\$aIncludes index.
=504  \\$aBibliography: p. 637-658.
=593  \\$fAgricola CAT
=650  \0$aForest insects$zUnited States.
=650  \0$aTrees$xDiseases and pests.
=655  \3$aInternet resource
=841  \\$ax$b8709220u    0   4   uu   1870922$ez
=852  \\$aDNAL$i1 Ag84M no.657
=852  \\$aDNAr$iSB761.C73
=856  41$uhttps://archive.org/details/insectenemiesofe657crai
=912  \\$analcatalog
=930  \\$a20140305$b20140404$c00000000
=939  \\$a20130717$b20130906$c00000000
=939  \\$a20130123$b20130201$c00000000
=945  \\$aUIU
=945  \\$p696
=945  \\$aDigiMet
=946  \\$aUSDA
=959  \\$c2013-01-22$earojas$gap
=959  \\$c2013-01-23$edcollins$gde

