=LDR  01893cam a2200517Ia 4500
=001  9915547102307426
=005  20240624174848.0
=008  890419s1969\\\\dcu\\\\\\s\\\f000\0\eng\d
=016  7\$aCAT10308078$2DNAL
=035  \\$a346267
=035  \\$a(OCoLC)15619643
=035  \\$a(DNAL)346267-naldb-Voyager
=040  \\$aRQF$beng$cRQF$dAGL$dOCL$dOCLCQ$dOCLCF$dOCLCO
=043  \\$af------$aa------
=049  \\$aAGLY
=050  \0$aHD2117$b.U5
=070  0\$aA281.9$bAg83 no.260
=072  \0$aE130
=072  \0$aE100
=245  04$aThe Agricultural situation in Africa and West Asia :$breview of 1968 and outlook for 1969 /$c[Africa and Middle East Branch].
=260  \\$aWashington, D.C. :$bU.S. Dept. of Agriculture, Economic Research Service,$c1969.
=300  \\$aii, [76] pages ;$c26 cm.
=336  \\$atext$btxt$2rdacontent
=337  \\$aunmediated$bn$2rdamedia
=338  \\$avolume$bnc$2rdacarrier
=490  1\$aERS-foreign ;$v260
=591  \\$bNAL Reclamation
=593  \\$fAgricola CAT
=650  \0$aAgriculture$xEconomic aspects$zAfrica.
=650  \0$aAgriculture$xEconomic aspects$zMiddle East.
=650  \0$aAgricultural productivity$zAfrica.
=650  \0$aAgricultural productivity$zMiddle East.
=651  \7$aAfrica.$2fast$0(OCoLC)fst01239509
=651  \7$aMiddle East.$2fast$0(OCoLC)fst01241586
=655  \3$aInternet resource.
=710  1\$aUnited States.$bDepartment of Agriculture.$bEconomic Research Service.$bForeign Regional Analysis Division.$0http://id.loc.gov/authorities/names/n50058423
=830  \0$aERS-foreign ;$v260.
=841  \\$ax$b8709220u    0   4   uu   1870922$ez
=852  \\$aDNAL$iA281.9 Ag83 no.260
=856  40$uhttps://archive.org/details/agriculturalsitu260unit
=912  \\$analcatalog
=930  \\$a20140305$b20140404$c00000000
=945  \\$aUIU
=945  \\$p84
=945  \\$aDigiMet
=946  \\$aUSDA
=959  \\$c2013-04-02$essouder$gap
=994  \\$a92$bAGL

