=LDR  02708cam a2200553Ia 4500
=001  9915547128207426
=005  20240620132134.0
=008  890419s1937\\\\dcuaf\\\\b\\\f000\0\eng\d
=016  7\$aCAT10307225$2DNAL
=019  \\$a222417516$a798810331
=035  \\$a346379
=035  \\$a(OCoLC)15609646$z(OCoLC)222417516$z(OCoLC)798810331
=035  \\$a(DNAL)346379-naldb-Voyager
=035  \\$z(OCoLC)222417516$z(OCoLC)798810331
=040  \\$aRQF$beng$cRQF$dAGL$dOCLCQ$dOCLCG$dAU@$dLHL$dOSU$dOCLCQ$dOCLCF$dOCLCO$dOCLCA$dOCLCQ
=043  \\$an-us---
=049  \\$aAGLY
=050  10$aS21$b.A815
=070  0\$a1$bAg84M no.228
=072  \0$aF830
=072  \0$aF850
=086  0\$aA 1.38:228
=245  00$aMarket diseases of fruits and vegetables :$bpeaches, plums, cherries, and other stone fruits /$cby Dean H. Rose [and others].
=260  \\$aWashington, D.C. :$bU.S. Dept. of Agriculture,$c1937.
=300  \\$a27 pages, 9 unnumbered leaves of plates :$billustrations (some color) ;$c23 cm.
=336  \\$atext$btxt$2rdacontent
=337  \\$aunmediated$bn$2rdamedia
=338  \\$avolume$bnc$2rdacarrier
=490  1\$aMiscellaneous publication / United States Department of Agriculture ;$vno. 228
=504  \\$aIncludes bibliographical references (pages 23-26).
=520  3\$aThis publication is the fourth in a series designed to aid in the recognition and identification of pathological conditions of economic importance affecting fruits and vegetables in the channels of marketing, to facilitate the market inspection of these food products, and to prevent losses from such conditions.
=591  \\$bNAL Reclamation
=593  \\$fAgricola CAT
=650  \0$aPeach$xDiseases and pests.$0http://id.loc.gov/authorities/subjects/sh85098963
=650  \0$aPlum$xDiseases and pests.$0http://id.loc.gov/authorities/subjects/sh85103541
=650  \0$aCherry$xDiseases and pests.$0http://id.loc.gov/authorities/subjects/sh85023095
=650  \0$aStone fruit$xDiseases and pests.$0http://id.loc.gov/authorities/subjects/sh85128313
=655  \3$aInternet resource.
=700  1\$aRose, Dean H.$q(Dean Humboldt),$d1878-1963.$0http://id.loc.gov/authorities/names/n85113656
=776  08$iOnline version:$tMarket diseases of fruits and vegetables.$dWashington, D.C. : U.S. Dept. of Agriculture, 1937$w(OCoLC)953977937
=830  \0$aMiscellaneous publication (United States. Department of Agriculture) ;$vno. 228.
=841  \\$ax   $b8709220u    0   4   uu   1870922$ez
=852  \\$aDNAL$i1 Ag84M no.228
=856  41$uhttps://archive.org/details/marketdiseasesof228rose
=912  \\$analcatalog
=930  \\$a20140305$b20140404$c00000000
=945  \\$aUIU
=945  \\$p50
=945  \\$aDigiMet
=946  \\$aUSDA
=994  \\$a92$bAGL

