=LDR  02504cam a2200529Ia 4500
=001  9915547157907426
=005  20240624174849.0
=008  890419s1943\\\\dcuab\\\\\\\\f001\0\eng\\
=010  \\$aagr43000031 
=016  7\$aCAT10307409$2DNAL
=019  \\$a800738323
=035  \\$a346219
=035  \\$a(OCoLC)10104168$z(OCoLC)800738323
=035  \\$a(DNAL)346219-naldb-Voyager
=035  \\$z(OCoLC)800738323
=040  \\$aDLC$beng$cIEJ$dAGL$dOCL$dIUL$dOCLCQ$dOCLCO$dLHL$dOCLCF$dOCLCO$dOCLCA$dSFR
=043  \\$an-us---
=049  \\$aAGLY
=070  0\$a1$bAg84M no.512
=072  \0$aE130
=086  0\$aA 1.38:512
=245  02$aA Graphic summary of farm crops :$b(based largely on the census of 1940) /$cprepared by the Bureau of Agricultural Economics.
=260  \\$aWashington, D.C. :$bU.S. Dept. of Agriculture,$c1943.
=300  \\$a104 pages :$billustrations, maps ;$c23 cm.
=336  \\$atext$btxt$2rdacontent
=337  \\$aunmediated$bn$2rdamedia
=338  \\$avolume$bnc$2rdacarrier
=490  1\$aMiscellaneous publication / United States Department of Agriculture ;$vno. 512
=520  3\$aGraphic summaries of the chief census figures regarding agriculture, designed to bring out certain needed points in the most salient way, are an answer to practical demands in war as well as in peace. Maps, singly or consecutively, not only present facts but also show how acreage and production are affected by economic and climatic factors, by man-made adjustments, by soil-damage, and now by dislocations of war, which were influencing our whole economic structure by the end of 1939.
=591  \\$bNAL Reclamation
=593  \\$fAgricola CAT
=650  \0$aFarm produce$zUnited States.
=651  \7$aUnited States.$2fast$0(OCoLC)fst01204155
=655  \3$aInternet resource.
=710  1\$aUnited States.$bBureau of Agricultural Economics.$0http://id.loc.gov/authorities/names/n80060900
=776  08$iOnline version:$tGraphic summary of farm crops.$dWashington, D.C. : U.S. Dept. of Agriculture, 1943$w(OCoLC)953978128
=830  \0$aMiscellaneous publication (United States. Department of Agriculture) ;$vno. 512.
=841  \\$ax   $b8709220u    0   4   uu   1870922$ez
=852  \\$aDNAL$i1 Ag84M no.512
=856  41$uhttps://archive.org/details/graphicsummaryof512unit
=912  \\$analcatalog
=930  \\$a20140305$b20140404$c00000000
=939  \\$a20130417$b20130503$c00000000
=945  \\$aUIU
=945  \\$p112
=945  \\$aDigiMet
=946  \\$aUSDA
=959  \\$c2013-04-17$essouder$gde
=994  \\$a92$bAGL

