=LDR  02256cam a2200541Ia 4500
=001  9915547161307426
=005  20240624174854.0
=008  890419s1967\\\\dcu\\\\\\s\\\f000\0\eng\d
=016  7\$aCAT10307929$2DNAL
=035  \\$a346253
=035  \\$a(OCoLC)15619225
=035  \\$a(DNAL)346253-naldb-Voyager
=040  \\$aRQF$beng$cRQF$dAGL$dIUL$dOCLCQ$dOCLCF$dOCLCO
=043  \\$ae------$ae-ur---
=049  \\$aAGLY
=070  0\$aA281.9$bAg83 no.196
=072  \0$aF100
=072  \0$aE130
=072  \0$aE100
=086  0\$aA 93.21/2:196
=245  04$aThe Europe and Soviet Union agricultural situation :$bmidyear review /$c[prepared ... in the Europe and Soviet Union Branch].
=260  \\$a[Washington, D.C.] :$bForeign Regional Analysis Division, Economic Research Service, U.S. Dept. of Agriculture,$c1967.
=300  \\$a7 pages ;$c26 cm.
=336  \\$atext$btxt$2rdacontent
=337  \\$aunmediated$bn$2rdamedia
=338  \\$avolume$bnc$2rdacarrier
=490  1\$aERS-foreign ;$v196
=591  \\$bNAL Reclamation
=593  \\$fAgricola CAT
=650  \0$aAgriculture$xEconomic aspects$zEurope.
=650  \0$aAgriculture$xEconomic aspects$zSoviet Union.
=651  \0$aEurope$xEconomic conditions.$0http://id.loc.gov/authorities/subjects/sh85045668
=651  \0$aSoviet Union$xEconomic conditions.$0http://id.loc.gov/authorities/subjects/sh85125722
=651  \7$aEurope.$2fast$0(OCoLC)fst01245064
=651  \7$aSoviet Union.$2fast$0(OCoLC)fst01210281
=655  \3$aInternet resource.
=710  1\$aUnited States.$bDepartment of Agriculture.$bEconomic Research Service.$bForeign Regional Analysis Division.$0http://id.loc.gov/authorities/names/n50058423
=776  08$iOnline version:$tEurope and Soviet Union agricultural situation.$d[Washington, D.C.] : Foreign Regional Analysis Division, Economic Research Service, U.S. Dept. of Agriculture, 1967$w(OCoLC)760142248
=830  \0$aERS-foreign ;$v196.
=841  \\$ax$b8709220u    0   4   uu   1870922$ez
=852  \\$aDNAL$iA281.9 Ag83 no.196
=856  40$uhttps://archive.org/details/europesovietunio196unit
=912  \\$analcatalog
=930  \\$a20140305$b20140404$c00000000
=945  \\$aUIU
=945  \\$p12
=945  \\$aDigiMet
=946  \\$aUSDA
=959  \\$c2013-04-02$essouder$gap
=994  \\$a92$bAGL

