=LDR  01919cam a2200469Ia 4500
=001  9915547185707426
=005  20240620132148.0
=008  890419s1964\\\\dcua\\\\\s\\\f000\0\eng\d
=016  7\$aCAT10306821$2DNAL
=035  \\$a346043
=035  \\$a(OCoLC)15556307
=035  \\$a(DNAL)346043-naldb-Voyager
=040  \\$aRQF$beng$cRQF$dAGL$dOCL$dOCLCQ$dNUI$dOCLCF$dOCLCQ
=043  \\$an-us---
=049  \\$aAGLY
=070  0\$aA281.9$bAg83 no.107
=072  \0$aE700
=086  0\$aA 93.21/2:107
=100  1\$aDeBlois, Eleanor N.
=245  10$aCommercial sales dominated agricultural exports in fiscal year 1963-64 /$cby Eleanor N. DeBlois.
=260  \\$a[Washington, D.C.] :$bTrade Statistics and Analysis Branch, Development and Trade Analysis Division, Economic Research Service, U.S. Dept. of Agriculture,$c1964.
=300  \\$apages 32-47 :$billustrations ;$c27 cm.
=336  \\$atext$btxt$2rdacontent
=337  \\$aunmediated$bn$2rdamedia
=338  \\$avolume$bnc$2rdacarrier
=490  1\$aERS-foreign ;$v107
=591  \\$bNAL Reclamation
=593  \\$fAgricola CAT
=650  \0$aAgriculture$xCommerce$zUnited States$vStatistics.
=651  \7$aUnited States.$2fast$0(OCoLC)fst01204155
=655  \3$aInternet resource.
=655  \7$aStatistics.$2fast$0(OCoLC)fst01423727
=776  08$iOnline version:$aDeBlois, Eleanor N.$tCommercial sales dominated agricultural exports in fiscal year 1963-64.$d[Washington, D.C.] : Trade Statistics and Analysis Branch, Development and Trade Analysis Division, Economic Research Service, U.S. Dept. of Agriculture, 1964$w(OCoLC)1085124004
=830  \0$aERS-foreign ;$v107.
=841  \\$ax   $b8709220u    0   4   uu   1870922$ez
=852  \\$aDNAL$iA281.9 Ag83 no.107
=856  40$uhttps://archive.org/details/commercialsalesd107debl
=912  \\$analcatalog
=930  \\$a20140305$b20140404$c00000000
=945  \\$aUIU
=945  \\$p24
=945  \\$aDigiMet
=946  \\$aUSDA
=994  \\$a92$bAGL

