=LDR  02777cam a2200577Ia 4500
=001  9915547198507426
=005  20240624174845.0
=008  890419s1935\\\\dcuab\\\\\\\\f000\0\eng\d
=016  7\$aCAT10307560$2DNAL
=019  \\$a798806456
=035  \\$a346410
=035  \\$a(OCoLC)15609606$z(OCoLC)798806456
=035  \\$a(DNAL)346410-naldb-Voyager
=035  \\$z(OCoLC)798806456
=040  \\$aRQF$beng$cRQF$dAGL$dIUL$dOCLCQ$dLHL$dOCLCQ$dOCLCF$dOCLCO$dNOC$dOCLCA$dSFR$dAGM$dOCLCA
=043  \\$an-usc--
=049  \\$aAGLL
=050  \0$aS21$b.A46 no.221
=070  0\$a1$bAg84M no.221
=072  \0$aJ800
=086  0\$aA 1.38:221
=100  1\$aKellogg, Charles E.$q(Charles Edwin),$d1902-1980.
=245  10$aSoil blowing and dust storms /$cby Charles E. Kellogg.
=260  \\$aWashington, D.C. :$bU.S. Dept. of Agriculture,$c1935.
=300  \\$a11 pages :$billustrations, maps ;$c23 cm.
=336  \\$atext$btxt$2rdacontent
=337  \\$aunmediated$bn$2rdamedia
=338  \\$avolume$bnc$2rdacarrier
=490  1\$aMiscellaneous publication / United States Department of Agriculture ;$vno. 221
=505  0\$aIntroduction -- Severe drought, the fundamental cause. pp. 1 -- General storm grows from local areas -- Local movement harmful to soil and plants. pp. 3 -- Amount of blowing depends upon soil type -- Proper methods of tillage important. pp. 5 -- Some soil blowing in grazing areas -- Shelter belts are useful -- Control through planned land use. pp. 8 -- Summary -- Some Department publications on erosion. pp. 10.
=520  3\$aFundamental responsibility for the great dust storm of 1934 rests with drought, not only the drought of that one year but the cumulative effect of a deficiency of rainfall of several preceding years. There had been a gradual decline in rainfall, together with a gradual increase in temperature over this area for several years.
=591  \\$bNAL Reclamation
=593  \\$fAgricola CAT
=650  \0$aDust storms$zMiddle West.
=650  \0$aWind erosion$zMiddle West.
=650  \3$asoil.
=650  \3$adust storms.
=650  \3$ashelterbelts.
=651  \7$aMiddle West.$2fast$0(OCoLC)fst01240052
=655  \3$aInternet resource.
=776  08$iOnline version:$aKellogg, Charles E. (Charles Edwin), 1902-$tSoil blowing and dust storms.$dWashington, D.C. : U.S. Dept. of Agriculture, 1935$w(OCoLC)759993131
=830  \0$aMiscellaneous publication (United States. Department of Agriculture) ;$vno. 221.
=852  \\$aDNAL$i1 Ag84M no.221
=856  41$uhttps://archive.org/details/soilblowingdusts221kell
=912  \\$analcatalog
=930  \\$a20190522$b20190604$c00000000
=939  \\$a20140305$b20140404$c00000000
=945  \\$aUIU
=945  \\$p16
=945  \\$aDigiMet
=946  \\$aUSDA
=959  \\$c2019-05-22$ergallett$gap
=994  \\$a92$bAGL

