=LDR  02141cam a2200517Ia 4500
=001  9915547222507426
=005  20240620132154.0
=008  890419s1934\\\\dcu\\\\\\r\\\f001\0\eng\d
=016  7\$aCAT10307397$2DNAL
=035  \\$a346389
=035  \\$a(OCoLC)15608043
=035  \\$a(DNAL)346389-naldb-Voyager
=040  \\$aRQF$beng$cRQF$dAGL$dOCL$dVIC$dOCLCQ$dOCLCF$dOCLCO$dOCLCA$dOKS$dOCLCQ
=043  \\$an-us---
=049  \\$aAGLY
=050  \0$aS21$b.A46 no.180
=070  0\$a1$bAg84M no.180
=072  \0$aC100
=072  \0$aC210
=086  0\$aA 1.38:180
=100  1\$aAgnew, Mary A.$q(Mary Aloysius),$d1870-1940.
=245  10$aWorkers in subjects pertaining to agriculture in state agricultural colleges and experiment stations, 1933-34 /$cby Mary A. Agnew.
=260  \\$aWashington, D.C. :$bU.S. Dept. of Agriculture,$c1934.
=300  \\$aiv, 110 pages ;$c23 cm.
=336  \\$atext$btxt$2rdacontent
=337  \\$aunmediated$bn$2rdamedia
=338  \\$avolume$bnc$2rdacarrier
=490  1\$aMiscellaneous publication / United States Department of Agriculture ;$vno. 180
=591  \\$bNAL Reclamation
=593  \\$fAgricola CAT
=650  \0$aAgricultural colleges$zUnited States$xEmployees$vDirectories.
=650  \0$aAgricultural experiment stations$zUnited States$vDirectories.
=651  \7$aUnited States.$2fast$0(OCoLC)fst01204155
=655  \3$aInternet resource.
=655  \7$aDirectories.$2fast$0(OCoLC)fst01423796
=710  1\$aUnited States.$bDepartment of Agriculture.
=776  08$iOnline version:$aAgnew, Mary A. (Mary Aloysius), 1870-1940.$tWorkers in subjects pertaining to agriculture in state agricultural colleges and experiment stations, 1933-34.$dWashington, D.C. : U.S. Dept. of Agriculture, 1934$w(OCoLC)834501947
=830  \0$aMiscellaneous publication (United States. Department of Agriculture) ;$vno. 180.
=841  \\$ax   $b8709220u    0   4   uu   1870922$ez
=852  \\$aDNAL$i1 Ag84M no.180
=856  41$uhttps://archive.org/details/workersinsubject180agne
=912  \\$analcatalog
=930  \\$a20140305$b20140404$c00000000
=945  \\$aUIU
=945  \\$p122
=945  \\$aDigiMet
=946  \\$aUSDA
=994  \\$a92$bAGL

