=LDR  02092cam a2200529Ia 4500
=001  9915547249407426
=005  20240624174911.0
=008  890419s1946\\\\dcua\\\\\\\\\f000\0\eng\c
=010  \\$aagr46000102 
=016  7\$aCAT10307229$2DNAL
=035  \\$a346526
=035  \\$a(OCoLC)05298495
=035  \\$a(DNAL)346526-naldb-Voyager
=040  \\$aU.S. Dept. of Agr. Library$beng$cYSM$dYSM$dAGL$dOCL$dOCLCQ$dOCLCG$dOCLCQ$dOCLCF$dOCLCO$dOCLCA$dAGM$dAZN
=043  \\$an-us---
=049  \\$aAGLY
=050  10$aS21$b.A46 no. 596
=070  0\$a1$bAg84M no.596
=072  \0$aJ800
=086  0\$aA 57.13:596
=100  1\$aBennett, Hugh H.$q(Hugh Hammond),$d1881-1960.$0http://id.loc.gov/authorities/names/no99018776
=245  10$aOur American land :$bthe story of its abuse and its conservation /$c[by Hugh H. Bennett].
=260  \\$aWashington, D.C. :$bU.S. Dept. of Agriculture,$c1946.
=300  \\$a31 pages :$billustrations ;$c23 cm.
=336  \\$atext$btxt$2rdacontent
=337  \\$aunmediated$bn$2rdamedia
=338  \\$avolume$bnc$2rdacarrier
=490  1\$aMiscellaneous publication / United States Department of Agriculture ;$vno. 596
=591  \\$bNAL Reclamation
=593  \\$fAgricola CAT
=650  \0$aSoil conservation$zUnited States.$0http://id.loc.gov/authorities/subjects/sh85124332
=650  \3$aland use.
=650  \3$asoil conservation.
=651  \7$aUnited States.$2fast$0(OCoLC)fst01204155
=655  \3$aInternet resource.
=776  08$iOnline version:$aBennett, Hugh H. (Hugh Hammond), 1881-1960.$tOur American land.$dWashington, D.C. : U.S. Dept. of Agriculture, 1946$w(OCoLC)989724834
=830  \0$aMiscellaneous publication (United States. Department of Agriculture) ;$vno. 596.
=841  \\$ax   $b8709220u    0   4   uu   1870922$ez
=852  \\$aDNAL$i1 Ag84M no.596
=856  41$uhttps://archive.org/details/ouramericanlands596benn
=912  \\$analcatalog
=930  \\$a20140305$b20140404$c00000000
=939  \\$a20130417$b20130503$c00000000
=945  \\$aUIU
=945  \\$p42
=945  \\$aDigiMet
=946  \\$aUSDA
=959  \\$c2013-04-17$essouder$gde
=994  \\$a92$bAGL

