=LDR  02153cam a2200505Ia 4500
=001  9915547282407426
=005  20240624174906.0
=008  890419s1936\\\\dcu\\\\\\r\\\f001\0\eng\d
=016  7\$aCAT10307226$2DNAL
=035  \\$a346380
=035  \\$a(OCoLC)15609710
=035  \\$a(DNAL)346380-naldb-Voyager
=040  \\$aRQF$beng$cRQF$dOCL$dAGL$dOCL$dVIC$dOCLCQ$dOCLCF$dOCLCO$dOCLCA$dAGM
=043  \\$an-us---
=049  \\$aAGLY
=050  \0$aS21$b.A46 no.233
=070  0\$a1$bAg84M no.233
=072  \0$aD100
=086  0\$aA 1.38:233
=245  00$aList of technical workers in the Department of Agriculture and outline of department functions, 1935 /$ccompiled in the Office of Personnel and Business Administration.
=260  \\$aWashington, D.C. :$bU.S. Dept. of Agriculture,$c1936.
=300  \\$aiii, 132 pages ;$c23 cm.
=336  \\$atext$btxt$2rdacontent
=337  \\$aunmediated$bn$2rdamedia
=338  \\$avolume$bnc$2rdacarrier
=490  1\$aMiscellaneous publication / United States Department of Agriculture ;$vno. 233
=591  \\$bNAL Reclamation
=593  \\$fAgricola CAT
=610  10$aUnited States.$bDepartment of Agriculture$vDirectories.
=610  17$aUnited States.$bDepartment of Agriculture$2fast$0(OCoLC)fst01852329
=650  \3$aHuman resources.
=655  \3$aInternet resource.
=655  \7$aDirectories.$2fast$0(OCoLC)fst01423796
=710  1\$aUnited States.$bDepartment of Agriculture.$bOffice of Personnel and Business Administration.$0http://id.loc.gov/authorities/names/n82105418
=776  08$iOnline version:$tList of technical workers in the Department of Agriculture and outline of department functions, 1935.$dWashington, D.C. : U.S. Dept. of Agriculture, 1936$w(OCoLC)834702742
=830  \0$aMiscellaneous publication (United States. Department of Agriculture) ;$vno. 233.
=841  \\$ax$b8709220u    0   4   uu   1870922$ez
=852  \\$aDNAL$i1 Ag84M no.233
=856  41$uhttps://archive.org/details/listoftechnicalw233unit
=912  \\$analcatalog
=930  \\$a20140305$b00000000$c00000000
=945  \\$aUIU
=945  \\$p144
=945  \\$aDigiMet
=946  \\$aUSDA
=959  \\$c2013-04-02$essouder$gap
=994  \\$a92$bAGL

