=LDR  02133cam a2200517Ia 4500
=001  9915547301807426
=005  20240620132219.0
=008  890419s1934\\\\dcu\\\\\\\\\\f000\0\eng\d
=016  7\$aCAT10307592$2DNAL
=035  \\$a346413
=035  \\$a(OCoLC)15608162
=035  \\$a(DNAL)346413-naldb-Voyager
=040  \\$aRQF$beng$cRQF$dAGL$dIUL$dOCLCQ$dIUL$dOCLCA$dOCLCF$dOCLCQ$dOCLCO$dOCLCA$dSFR
=043  \\$an-us---
=049  \\$aAGLY
=050  \0$aS21$b.A46 no.189
=070  0\$a1$bAg84M no.189
=072  \0$aE700
=072  \0$aD500
=086  0\$aA 1.38:189
=100  1\$aFracker, Stanley Black,$d1889-$0http://id.loc.gov/authorities/names/n86072171
=245  10$aSynopsis of federal plant quarantines affecting interstate shipments in effect January 1, 1934 /$cby S.B. Fracker, R.A. Sheals, and M.A. Thompson.
=260  \\$aWashington, D.C. :$bU.S. Dept. of Agriculture,$c1934.
=300  \\$a135 pages ;$c17 cm.
=336  \\$atext$btxt$2rdacontent
=337  \\$aunmediated$bn$2rdamedia
=338  \\$avolume$bnc$2rdacarrier
=490  1\$aMiscellaneous publication / United States Department of Agriculture ;$vno. 189
=591  \\$bNAL Reclamation
=593  \\$fAgricola CAT
=650  \0$aPlant quarantine$zUnited States.
=650  \0$aFarm produce$xTransportation$xLaw and legislation$zUnited States.
=651  \7$aUnited States.$2fast$0(OCoLC)fst01204155
=655  \3$aInternet resource.
=700  1\$aSheals, R. A.$q(Ralph Augustus),$d1893-
=700  1\$aThomnpson, Maude A.,$d1882-
=776  08$iOnline version:$aFracker, S.B. (Stanley Black), 1889-$tSynopsis of federal plant quarantines affecting interstate shipments in effect January 1, 1934.$dWashington, D.C. : U.S. Dept. of Agriculture, 1934$w(OCoLC)779704019
=830  \0$aMiscellaneous publication (United States. Department of Agriculture) ;$vno. 189.
=841  \\$ax   $b8709220u    0   4   uu   1870922$ez
=852  \\$aDNAL$i1 Ag84M no.189
=856  41$uhttps://archive.org/details/synopsisoffedera189frac
=912  \\$analcatalog
=930  \\$a20140305$b20140404$c00000000
=945  \\$aUIU
=945  \\$p146
=945  \\$aDigiMet
=946  \\$aUSDA
=994  \\$a92$bAGL

