=LDR  02070cam a2200529Ia 4500
=001  9915547330907426
=005  20240624174908.0
=008  890419s1933\\\\dcu\\\\\\s\\\f001\0\eng\d
=016  7\$aCAT10307889$2DNAL
=035  \\$a346450
=035  \\$a(OCoLC)15607900
=035  \\$a(DNAL)346450-naldb-Voyager
=040  \\$aRQF$beng$cRQF$dAGL$dOCL$dOCLCQ$dOCLCG$dOCLCA$dOCLCQ$dOCLCA$dOCLCF$dOCLCO$dCOF$dOCLCA
=043  \\$an-us---
=049  \\$aAGLY
=070  0\$a1$bAg84M no.158
=072  \0$aE700
=072  \0$aQ002
=086  0\$aA 1.38:158
=100  1\$aPirtle, T. R.$q(Thomas Ross),$d1870-
=245  10$aHandbook of poultry and egg statistics /$c[by T.R. Pirtle and Rob R. Slocum].
=260  \\$aWashington, D.C. :$bU.S. Dept. of Agriculture,$c1933.
=300  \\$aiii, 105 pages ;$c17 cm.
=336  \\$atext$btxt$2rdacontent
=337  \\$aunmediated$bn$2rdamedia
=338  \\$avolume$bnc$2rdacarrier
=490  1\$aMiscellaneous publication / United States Department of Agriculture ;$vno. 158
=591  \\$bNAL Reclamation
=593  \\$fAgricola CAT
=650  \0$aPoultry industry$zUnited States$vStatistics.
=650  \0$aEgg trade$zUnited States$vStatistics.
=651  \7$aUnited States.$2fast$0(OCoLC)fst01204155
=655  \3$aInternet resource.
=655  \7$aStatistics.$2fast$0(OCoLC)fst01423727
=700  1\$aSlocum, Rob R.$q(Rob Roy),$d1883-1944.$0http://id.loc.gov/authorities/names/no96026613
=776  08$iOnline version:$aPirtle, T. R. (Thomas Ross), 1870-$tHandbook of poultry and egg statistics.$dWashington, D.C. : U.S. Dept. of Agriculture, 1933$w(OCoLC)989720640
=830  \0$aMiscellaneous publication (United States. Department of Agriculture) ;$vno. 159.
=841  \\$ax$b8709220u    0   4   uu   1870922$ez
=852  \\$aDNAL$i1 Ag84M no.158
=856  41$uhttps://archive.org/details/handbookofpoultr158pirt
=912  \\$analcatalog
=930  \\$a20180312$b20180402$c00000000
=939  \\$a20140305$b20140404$c00000000
=945  \\$aUIU
=945  \\$p114
=945  \\$aDigiMet
=946  \\$aUSDA
=959  \\$c2018-03-12$ergallett$gap
=994  \\$a92$bAGL

