=LDR  01903cam a2200457Ia 4500
=001  9915547389907426
=005  20240624174907.0
=008  940301s1987\\\\mdua\\\\\\\\\f000\0\eng\\
=016  7\$aCAT10657444$2DNAL
=035  \\$a603600
=035  \\$a(OCoLC)29888893
=035  \\$a(DNAL)603600-naldb-Voyager
=040  \\$aAGL$beng$cAGL$dOCLCQ$dOCLCO$dOCLCA$dOCLCF$dOCLCQ$dOCLCO$dOCL$dOCLCA$dAGL
=043  \\$an-us---
=049  \\$aAGLL
=070  0\$a1$bAg84M no.1457
=072  \0$aT100
=245  00$aDietary guidelines and your diet :$bhome economics teacher's guide.
=260  \\$aHyattsville, Md. :$bU.S. Dept. of Agriculture, Human Nutrition Information Service,$c1987.
=300  \\$a43 pages :$billustrations ;$c28 cm.
=336  \\$atext$btxt$2rdacontent
=337  \\$aunmediated$bn$2rdamedia
=338  \\$avolume$bnc$2rdacarrier
=490  1\$aMiscellaneous publication / U.S. Dept. of Agriculture, Human Nutrition Information Service ;$vno. 1457
=591  \\$bNAL Reclamation
=593  \\$fAgricola CAT
=650  \0$aDiet$zUnited States.
=650  \0$aNutrition$zUnited States.
=651  \7$aUnited States.$2fast$0(OCoLC)fst01204155
=655  \3$aInternet resource.
=710  1\$aUnited States.$bDepartment of Agriculture.$bHuman Nutrition Information Service.$0http://id.loc.gov/authorities/names/n82043807
=776  08$iOnline version:$tDietary guidelines and your diet.$dHyattsville, Md. : U.S. Dept. of Agriculture, Human Nutrition Information Service, 1987$w(OCoLC)762213720
=830  \0$aMiscellaneous publication (United States. Department of Agriculture) ;$vno. 1457.
=856  41$uhttps://archive.org/details/dietaryguideline1457unit
=912  \\$analcatalog
=930  \\$a20140305$b20140404$c00000000
=939  \\$a19940415$b19940418$c00000000
=945  \\$dsam$e94/03/01$fsam$g94/03/04$n1
=945  \\$p50
=945  \\$aDigiMet
=946  \\$aUSDA
=959  \\$c2013-04-02$essouder$gap
=994  \\$a92$bAGL

