=LDR  01964cas a2200577 a 4500
=001  9915549481207426
=005  20240620103714.0
=008  011016d19341935dcumr\p\\\\\\f0\\\\0eng\c
=010  \\$asn 86034344 
=012  \\$i8606
=016  7\$aCAT11086812$2DNAL
=035  \\$a876985
=035  \\$a(OCoLC)02448239
=035  \\$a(DNAL)876985-naldb-Voyager
=040  \\$aQPR$beng$cQPR$dCOO$dNSD$dIXA$dOCL$dNYG$dOCL$dAGL$dOCLCQ$dIUL$dAMAZN$dOCLCQ$dOCLCF$dOCLCQ
=042  \\$apcc
=043  \\$an-us---
=049  \\$aAGLL
=050  \0$aS623.U5$bL2
=070  0\$a1.96 Ad6L
=072  \0$aJ000
=072  \0$aP300
=086  0\$aI 30.9:
=245  04$aThe Land, today and tomorrow.
=260  \\$a[Washington, D.C.] :$bSoil Erosion Service, U.S. Dept. of the Interior,$c1934-1935.
=300  \\$a2 volumes :$billustrations ;$c26 cm
=310  \\$aMonthly
=336  \\$atext$btxt$2rdacontent
=337  \\$aunmediated$bn$2rdamedia
=338  \\$avolume$bnc$2rdacarrier
=362  0\$a[Vol. 1, no. 1] (Oct. 1934)-v. 2, no. 4 (Apr. 1935).
=580  \\$aContinued by: Soil conservation.
=591  \\$bNAL Reclamation
=593  \\$fAgricola CAT
=650  \0$aErosion$zUnited States$vPeriodicals.
=650  \0$aErosion$vPeriodicals.
=651  \7$aUnited States.$2fast$0(OCoLC)fst01204155
=655  \3$aInternet resource.
=655  \7$aPeriodicals.$2fast$0(OCoLC)fst01411641
=710  1\$aUnited States.$bSoil Conservation Service.$0http://id.loc.gov/authorities/names/n78085479
=776  08$iOnline version:$tLand, today and tomorrow$w(OCoLC)561961782
=785  10$tSoil conservation$x0038-0725$w(OCoLC)1765963
=850  \\$aDNAL$aN$aTxU
=856  41$uhttps://archive.org/details/usda-thelandtodayandtomorrow
=912  \\$analcatalog
=930  \\$a20140902$b20141003$c00000000
=938  \\$aAMAZON$bAMZN$nB0030XLYA4
=939  \\$a20011101$b20011108$c00000000
=945  \\$dCM$e2001/10/16$fCM$g2001/10/16
=945  \\$vpt. 1
=945  \\$p40
=945  \\$aDigiMet
=945  \\$vpt. 2
=945  \\$p44
=945  \\$aDigiMet
=945  \\$vpt. 3
=945  \\$p46
=945  \\$aDigiMet
=945  \\$vpt. 4
=945  \\$p54
=945  \\$aDigiMet
=945  \\$vpt. 5
=945  \\$p48
=945  \\$aDigiMet
=945  \\$vpt. 6
=945  \\$p44
=945  \\$aDigiMet
=945  \\$vpt. 7
=945  \\$p52
=945  \\$aDigiMet
=946  \\$aOther US
=994  \\$a92$bAGL

