=LDR  02409cam a2200613Ia 4500
=001  9915549640007426
=005  20240624183038.0
=008  800401s1967\\\\oruab\\\\b\\\f000\0\eng\d
=016  7\$aCAT10240034$2DNAL
=019  \\$a1039853172$a1231758292
=035  \\$a194652
=035  \\$a(OCoLC)41817286$z(OCoLC)1039853172$z(OCoLC)1231758292
=035  \\$a(DNAL)194652-naldb-Voyager
=035  \\$z(OCoLC)1039853172$z(OCoLC)1231758292
=040  \\$aAkJFS$beng$cW7L$dRLA$dKEU$dMTG$dOCLCF$dOCLCQ$dOCLCO$dSEA$dAGM$dOCLCA$dWURST$dAGL
=043  \\$an-us-ak
=049  \\$aAGLL
=050  \0$aSD11$b.A456132 no. 68
=070  \\$aA99.9$bF7625U no. 68
=072  \0$a8000
=086  0\$aA 13.79:PNW-68
=100  1\$aSwanston, Douglas N.$0http://id.loc.gov/authorities/names/n77018442
=245  10$aSoil-water piezometry in a southeast Alaska landslide area /$cDouglas N. Swanston.
=260  \\$aPortland, Or. :$bPacific Northwest Forest and Range Experiment Station, U.S. Dept. of Agriculture,$c[1967]
=300  \\$a17 pages :$billustrations, maps ;$c27 cm.
=336  \\$atext$btxt$2rdacontent
=337  \\$aunmediated$bn$2rdamedia
=338  \\$avolume$bnc$2rdacarrier
=490  1\$aU.S. Forest Service research note PNW ;$v68
=504  \\$aIncludes bibliographical references.
=591  \\$bNAL Reclamation
=593  \\$fAgricola CAT
=650  \0$aSoil moisture$zAlaska$zMaybeso Experimental Forest$xMeasurement.
=650  \0$aSoil dynamics$zAlaska$zMaybeso Experimental Forest.
=650  \0$aDebris avalanches$zAlaska$zMaybeso Experimental Forest.
=650  \0$aForest soils$xEffect of logging on$zAlaska$zMaybeso Experimental Forest.
=651  \0$aAlaska.
=650  \3$apiezometers.
=650  \3$aavalanches.
=650  \3$asoil water.
=650  \3$amass movement.
=650  \3$asoil strength.
=651  \3$aAlaska.
=651  \7$aAlaska.$2fast$0(OCoLC)fst01204480
=651  \7$aAlaska$zMaybeso Experimental Forest.$2fast$0(OCoLC)fst01306885
=655  \3$aInternet resource.
=710  2\$aPacific Northwest Forest and Range Experiment Station (Portland, Or.)$0http://id.loc.gov/authorities/names/n80126131
=830  \0$aU.S. Forest Service research note PNW ;$v68.
=856  41$uhttps://archive.org/details/soilwaterpiezome68swan
=912  \\$analcatalog
=930  \\$a20140506$b00000000$c00000000
=945  \\$aDigiMet
=945  \\$p22
=946  \\$aUSDA
=959  \\$c2014-05-06$earojas$gap
=994  \\$a92$bAGL

