=LDR  01246cam a2200361M  4500
=001  9915549643507426
=005  20240624183039.0
=008  800401s1967\\\\dcu\\\\\\\\\\\000\0\eng\d
=016  7\$aCAT10240167$2DNAL
=035  \\$a194910
=035  \\$a(OCoLC)1289030509
=035  \\$a(DNAL)194910-naldb-Voyager
=040  \\$aAGL$beng$cAGL
=049  \\$aAGLL
=070  \\$aA280.39$bAg8M no. 39 1967
=072  \0$a1500
=110  1\$aUnited States.$bConsumer and Marketing Service.$bFruit and Vegetable Division.
=245  14$aThe market news service on fruits and vegetables.
=250  \\$a[Rev. Dec. 1967.
=260  \\$aWashington,$bU.S. Govt. Print. Off.,$c1967]
=300  \\$a12 p.$billus.
=490  1\$aU.S. Dept. of Agriculture. Marketing bulletin no. 39
=591  \\$bNAL Reclamation
=593  \\$fAgricola CAT
=655  \3$aInternet resource.
=710  1\$aUnited States.$bAgricultural Marketing Service.$bFruit and Vegetable Division.
=810  1\$aUnited States.$bDepartment of Agriculture.$tMarketing bulletin.$vno. 39.
=856  41$uhttps://archive.org/details/marketnewsservic39unit
=912  \\$analcatalog
=930  \\$a20140411$b00000000$c00000000
=945  \\$aDigiMet
=945  \\$p16
=946  \\$aOther US
=959  \\$c2013-04-02$essouder$gap
=994  \\$a92$bAGL

