=LDR  01876cam a2200529I  4500
=001  9915549699007426
=005  20240624183049.0
=008  920620s1940\\\\dcuab\\\\b\\\f001\0\eng\c
=010  \\$aagr40000123 
=016  7\$aCAT10155568$2DNAL
=035  \\$a409026
=035  \\$a(OCoLC)02123274
=035  \\$a(DNAL)409026-naldb-Voyager
=040  \\$aU.S. Dept. of Agr. Libr.$beng$cTXA$dAGL$dOCLCG$dUPM$dMEUBL$dOCLCF$dOCLCQ$dOCLCO$dAGM$dINT$dOCLCQ
=043  \\$an-us---
=049  \\$aRQIA
=050  00$aSB482$b.A455
=070  0\$a1$bF76Fou
=072  \0$aP300
=072  \0$aK001
=086  0\$aA 13.2:F 76/48
=100  1\$aLord, Russell,$d1895-1964,$eeditor.$0http://id.loc.gov/authorities/names/n50042296
=245  10$aForest outings.$bBy thirty foresters.
=260  \\$a[Washington]$bU.S. Dept. of Agriculture, Forest Service,$c1940.
=300  \\$axiv, 311 pages$billustrations, folded map$c26 cm
=336  \\$atext$btxt$2rdacontent
=337  \\$aunmediated$bn$2rdamedia
=338  \\$avolume$bnc$2rdacarrier
=504  \\$aIncludes bibliographical references (pages 285-286).
=530  \\$aAlso issued online.
=591  \\$bNAL Reclamation
=593  \\$fAgricola CAT
=650  \0$aForest reserves$zUnited States.
=650  \3$anational forests.
=651  \7$aUnited States.$2fast$0(OCoLC)fst01204155
=655  \3$aInternet resource.
=776  08$iOnline version:$aLord, Russell, 1895-1964.$tForest outings.$d[Washington] U.S. Dept. of Agriculture, Forest Service, 1940$w(OCoLC)595707079
=852  \\$aDLC$iSB482 .A455
=852  \\$aDNAL$iaSD426.F6
=856  41$uhttp://archive.org/details/forestoutingsbyt00lord
=912  \\$analcatalog
=930  \\$a20210322$b00000000$c00000000
=939  \\$a20130906$b20131018$c00000000
=945  \\$dip$e81/08/26$fhw$g81/09/01
=945  \\$p350
=945  \\$aDigiMet
=946  \\$aOther US
=959  \\$c2013-09-06$essouder$gurl
=994  \\$a92$bAGL

