=LDR  01191cam a2200361M  4500
=001  9915549744007426
=005  20240624183048.0
=008  800401s1967\\\\dcu\\\\\\\\\\\000\0\eng\d
=016  7\$aCAT10240169$2DNAL
=035  \\$a194913
=035  \\$a(OCoLC)1289129119
=035  \\$a(DNAL)194913-naldb-Voyager
=040  \\$aAGL$beng$cAGL
=049  \\$aAGLL
=070  \\$aA280.39$bAg8M no. 10 1967
=072  \0$a1500
=110  1\$aUnited States.$bDenver Wood Laboratory.
=245  10$aPreparing wool for market; how to increase profits.
=250  \\$a[Rev.
=260  \\$aWashington,$bU.S. Govt. Print. Off.$c1967]
=300  \\$a[12] p.$billus.
=490  1\$aU.S. Dept. of Agriculture. Marketing bulletin no. 10
=591  \\$bNAL Reclamation
=593  \\$fAgricola CAT
=655  \3$aInternet resource.
=710  1\$aUnited States.$bConsumer and Marketing Service.$bLivestock Division.
=810  1\$aUnited States.$bDepartment of Agriculture.$tMarketing bulletin.$vno. 10.
=856  41$uhttps://archive.org/details/preparingwoolfor10unit_0
=912  \\$analcatalog
=930  \\$a20140411$b00000000$c00000000
=945  \\$aDigiMet
=945  \\$p16
=946  \\$aOther US
=959  \\$c2013-04-02$essouder$gap
=994  \\$a92$bAGL

