=LDR  01755cam a2200469Ia 4500
=001  9915549781907426
=005  20240624183047.0
=008  800401s1965\\\\mnub\\\\\b\\\f000\0\eng\d
=016  7\$aCAT10227631$2DNAL
=035  \\$a194674
=035  \\$a(OCoLC)54684114
=035  \\$a(DNAL)194674-naldb-Voyager
=040  \\$aNRC$beng$cNRC$dOCLCQ$dMTG$dOCLCF$dOCLCQ$dSEA$dCOD$dWURST$dAGM$dAGL
=043  \\$anl-----
=049  \\$aAGLL
=050  \0$aSD11$b.F7624 no.74
=070  \\$aA99.9$bF7624 no. 74
=072  \0$a4500
=086  0\$aA 13.79:LS-74
=100  1\$aRudolf, Paul O.$0http://id.loc.gov/authorities/names/n84177521
=245  10$aBotanical and commercial range of black spruce in the Lake States /$c[Paul O. Rudolf].
=260  \\$aSt. Paul, Minn. :$bLake States Forest Experiment Station, U.S. Dept. of Agriculture,$c1963.
=300  \\$a4 unnumbered pages :$bmaps ;$c28 cm.
=336  \\$atext$btxt$2rdacontent
=337  \\$aunmediated$bn$2rdamedia
=338  \\$avolume$bnc$2rdacarrier
=490  1\$aResearch note LS ;$v74
=504  \\$aIncludes bibliographical references.
=591  \\$bNAL Reclamation
=593  \\$fAgricola CAT
=650  \0$aBlack spruce$zLake States.
=651  \7$aLake States.$2fast$0(OCoLC)fst01245743
=655  \3$aInternet resource.
=710  2\$aLake States Forest Experiment Station (Saint Paul, Minn.)$0http://id.loc.gov/authorities/names/n80044738
=810  2\$aLake States Forest Experiment Station (Saint Paul, Minn.)$tResearch note LS ;$v74.
=856  41$uhttps://archive.org/details/botanicalcommerc74rudo
=912  \\$analcatalog
=930  \\$a20140305$b20140404$c00000000
=939  \\$a20130110$b20130201$c00000000
=945  \\$aDigiMet
=945  \\$p12
=946  \\$aUSDA
=959  \\$c2013-01-10$ejgilbert$glf
=994  \\$a92$bAGL

