=LDR  02270cam a2200589 a 4500
=001  9915549825007426
=005  20240624183043.0
=008  800401s1967\\\\oruab\\\\b\\\f000\0\eng\d
=016  7\$aCAT10240085$2DNAL
=035  \\$a194751
=035  \\$a(OCoLC)41816883
=035  \\$a(DNAL)194751-naldb-Voyager
=040  \\$aAkJFS$beng$cW7L$dMTG$dXFF$dOCLCF$dOCLCQ$dOCLCO$dAGM$dOCLCA$dWURST$dOCLCQ$dOCLCO$dAGL
=043  \\$an-us-ak
=049  \\$aAGLL
=050  \0$aSD11$b.A4512 PNW-61
=070  \\$aA99.9$bF7625U no. 61
=072  \0$a3500
=086  0\$aA 13.79:PNW-61
=100  1\$aTorgersen, Torolf R.$0http://id.loc.gov/authorities/names/n83062174
=245  14$aThe occurrence of the hemlock looper (Lambdina fiscellaria (Guenée)) (Lepidoptera: Geometridae) in southeast Alaska, with notes on its biology /$cby Torolf R. Torgersen and Bruce H. Baker.
=260  \\$aPortland, Or. :$bPacific Northwest Forest and Range Experiment Station, U.S. Dept. of Agriculture,$c[1967]
=300  \\$a6 pages :$billustrations, map ;$c28 cm
=336  \\$atext$btxt$2rdacontent
=337  \\$aunmediated$bn$2rdamedia
=338  \\$avolume$bnc$2rdacarrier
=490  1\$aU.S. Forest Service research note PNW ;$v61
=504  \\$aIncludes bibliographical references.
=591  \\$bNAL Reclamation
=593  \\$fAgricola CAT
=650  \0$aHemlock looper.$0http://id.loc.gov/authorities/subjects/sh85060182
=650  \0$aSitka spruce$xDiseases and pests$zAlaska.
=650  \3$aLambdina fiscellaria.
=650  \3$aPicea sitchensis.
=650  \3$ainsect pests.
=650  \3$aoccurrence.
=650  \3$alife history.
=650  \3$adefoliation.
=650  \3$aTsuga heterophylla.
=650  \3$aLambdina fiscellaria lugubrosa.
=651  \3$aAlaska
=651  \7$aAlaska.$2fast$0(OCoLC)fst01204480
=655  \3$aInternet resource.
=700  1\$aBaker, Bruce H.
=710  2\$aPacific Northwest Forest and Range Experiment Station (Portland, Or.)$0http://id.loc.gov/authorities/names/n80126131
=830  \0$aU.S. Forest Service research note PNW ;$v61.
=856  41$uhttps://archive.org/details/occurrenceofheml61torg
=912  \\$analcatalog
=930  \\$a20140506$b00000000$c00000000
=945  \\$aDigiMet
=945  \\$p10
=946  \\$aUSDA
=959  \\$c2014-05-06$earojas$gap
=994  \\$a92$bAGL

