=LDR  01824cam a2200469Ia 4500
=001  9915549829907426
=005  20240620104855.0
=008  920620s1935\\\\dcua\\\\\\\\\f000\0\eng\d
=016  7\$aCAT10507974$2DNAL
=035  \\$a409147
=035  \\$a(OCoLC)11409361
=035  \\$a(DNAL)409147-naldb-Voyager
=040  \\$aWAU$beng$cWAU$dAGL$dOCLCG$dMTG$dOCLCQ$dOCLCA$dOCLCF$dOCLCQ$dOCLCO$dCOF$dVA@$dAGM$dOCLCQ$dOCLCA
=049  \\$aRQIA
=050  \0$aTA579.C6$bC35 1935
=070  0\$a1$bF76Ab 1935
=072  \0$aB100
=072  \0$aK001
=086  0\$aA 13.36:Ab 7/935
=086  0\$aA 13.2:AB 7/1935
=086  0\$aA 13.2:
=100  1\$aCalkins, H. A.$q(Hartley Amasa),$d1884-
=245  14$aThe Abney level handbook /$cby H.A. Calkins and J.B. Yule.
=260  \\$aWashington :$bU.S. Govt. Print Off.,$c1935.
=300  \\$aiii, 44 pages :$billustrations ;$c23 cm
=336  \\$atext$btxt$2rdacontent
=337  \\$aunmediated$bn$2rdamedia
=338  \\$avolume$bnc$2rdacarrier
=591  \\$bNAL Reclamation
=593  \\$fAgricola CAT
=650  \0$aClinometer.$0http://id.loc.gov/authorities/subjects/sh85027077
=650  \3$asurveying instruments.
=655  \3$aInternet resource.
=700  1\$aYule, J. B.$q(James Blaine),$d1884-1957.
=710  1\$aUnited States.$bForest Service.$0http://id.loc.gov/authorities/names/n79054932
=776  08$iOnline version:$aCalkins, H.A. (Hartley Amasa), 1884-$tAbney level handbook.$dWashington : U.S. Govt. Print Off., 1935$w(OCoLC)551691366
=776  08$iOnline version:$aCalkins, H.A. (Hartley Amasa), 1884-$tAbney level handbook.$dWashington : U.S. Govt. Print Off., 1935$w(OCoLC)630942150
=856  41$uhttps://archive.org/details/abneylevelhandbo1935calk
=912  \\$analcatalog
=930  \\$a20140812$b20140905$c00000000
=945  \\$aDigiMet
=945  \\$p56
=946  \\$aOther US
=994  \\$a92$bAGL

