=LDR  00931cam a2200325I  4500
=001  9915549866407426
=005  20240621221853.0
=008  800401\\\\\\\\\dcu\\\\\\\\\\\000\\\eng\d
=016  7\$aCAT10252354$2DNAL
=035  \\$90252-35460
=035  \\$a194454
=035  \\$a(DNAL)194454-naldb-Voyager
=040  \\$aAGL$dAGL
=049  \\$aAGLL
=070  \\$aA64.9$bR31A no. 104
=072  \0$a4500
=100  10$aJohnsen, Thomas N.
=245  00$aGambel oak control on the Beaver Creek pilot watershed in Arizona.
=260  00$a[Washington]$c1969.
=300  \\$a8 p.
=490  1\$aU.S. Agricultural Research Service. ARS 34-104
=500  \\$aIssued Mar. 1969.
=504  \\$aBibliography: p. 8.
=593  \\$fAgricola CAT
=655  \3$aInternet resource
=830  \0$aARS 34 ;$v104.
=856  41$uhttps://archive.org/details/gambeloakcontrol3410john
=912  \\$analcatalog
=930  \\$a20140209$b00000000$c00000000
=945  \\$aDigiMet
=945  \\$p12
=946  \\$aUSDA

