=LDR  01322cam a2200373M  4500
=001  9915549882707426
=005  20240624183101.0
=008  800401s1966\\\\dcu\\\\\\\\\\\000\0\eng\d
=016  7\$aCAT10227501$2DNAL
=035  \\$a194386
=035  \\$a(OCoLC)1289092935
=035  \\$a(DNAL)194386-naldb-Voyager
=040  \\$aAGL$beng$cAGL
=049  \\$aAGLL
=070  \\$aA280.29$bF22 no. 80
=072  \0$a1500
=100  1\$aPerdue, Elmer J.$q(Elmer Jack),$d1927-
=245  10$aEffects of electric rates on power expenses at cooperative cottonseed oil mills, 1963-64 season,$cby Elmer J. Perdue.
=260  \\$a[Washington]$bFarmer Cooperative Service, U.S. Dept. of Agriculture,$c1966.
=300  \\$aiv, 28 p.$c27 cm.
=490  1\$a[U.S. Farmer Cooperative Service] Service report no. 80
=591  \\$bNAL Reclamation
=593  \\$fAgricola CAT
=650  \0$aCottonseed oil mills, Cooperative.
=650  \0$aCottonseed oil mills$xCost of operation.
=650  \0$aElectric utilities$xRates.
=655  \3$aInternet resource.
=810  2\$aUnited States.$bFarmer Cooperative Service.$tService report.$vno. 80.
=856  41$uhttps://archive.org/details/effectsofelectri80perd
=912  \\$analcatalog
=930  \\$a20140306$b20140404$c00000000
=945  \\$aDigiMet
=945  \\$p44
=946  \\$aUSDA
=959  \\$c2014-03-06$earojas$gap
=994  \\$a92$bAGL

