=LDR  01027cam a2200337M  4500
=001  9915549897807426
=005  20240624183113.0
=008  800401s1967\\\\dcu\\\\\\\\\\\000\0\eng\d
=016  7\$aCAT10240142$2DNAL
=035  \\$a194862
=035  \\$a(OCoLC)1289144561
=035  \\$a(DNAL)194862-naldb-Voyager
=040  \\$aAGL$beng$cAGL
=049  \\$aAGLL
=070  \\$aA381$bR31A no. 56
=072  \0$a1500
=110  1\$aUnited States.$bAgricultural Research Service.$bEastern Utilization Research and Development Division.
=245  10$aSurfactants based on animal fats.
=260  \\$a[Washington]$c1967.
=300  \\$afolder.$billus.
=490  1\$aU.S. Agricultural Research Service. ARS 73-56
=591  \\$bNAL Reclamation
=593  \\$fAgricola CAT
=655  \3$aInternet resource.
=830  \0$aARS 73 ;$v56.
=856  41$uhttps://archive.org/details/surfactantsbased7356unit
=912  \\$analcatalog
=930  \\$a20140414$b00000000$c00000000
=945  \\$aDigiMet
=945  \\$p12
=946  \\$aUSDA
=959  \\$c2014-04-14$earojas$gap
=994  \\$a92$bAGL

