=LDR  01322cam a2200433M  4500
=001  9915549916207426
=005  20240626134152.0
=008  800401s1966\\\\ilu\\\\\\\\\\\000\0\eng\d
=016  7\$aCAT10227773$2DNAL
=035  \\$a194947
=035  \\$a(OCoLC)1289026365
=035  \\$a(DNAL)194947-naldb-Voyager
=040  \\$aAGL$beng$cAGL
=049  \\$aAGLL
=070  \\$aA381$bR31Ac no. 33
=072  \0$aX500
=100  1\$aSohns, V. E.
=245  10$aMicrobial polymers, a preliminary cost estimate.
=260  \\$a[Peoria, Ill.]$c1966.
=300  \\$a15 p.
=490  1\$aU.S. Agricultural Research Service. ARS-71-33
=591  \\$bNAL Reclamation
=593  \\$fAgricola CAT
=650  \3$apolymers.
=655  \3$aInternet resource.
=830  \0$aARS 71 ;$v33.
=856  \1$uhttp://hdl.handle.net/10113/32807$zAvailable in the National Agricultural Library Digital Collections
=856  41$uhttps://archive.org/details/microbialpolymer7133sohn
=910  \\$aUSDA$bARS
=912  \\$analcatalog
=930  \\$a20140411$b20140502$c00000000
=939  \\$a20090901$b20090905$c00000000
=939  \\$a20090622$b20090703$c00000000
=945  \\$aDigiMet
=945  \\$p20
=946  \\$aUSDA
=947  \\$aUSDA$bARS$cNCAUR
=959  \\$c2023-03-08$eaxu$glf
=959  \\$c2015-04-20$essouder$gother
=959  \\$c2009-06-22$edcollins$gother
=994  \\$a92$bAGL

