=LDR  01846cam a2200457 i 4500
=001  9915550014007426
=005  20240624183125.0
=008  800401s1966\\\\dcua\\\\\b\\\f000\0\eng\d
=016  7\$aCAT10227621$2DNAL
=035  \\$a194657
=035  \\$a(OCoLC)29867510
=035  \\$a(DNAL)194657-naldb-Voyager
=040  \\$aFWD$beng$cFWD$dWCA$dOCL$dOCLCQ$dOCLCF$dOCLCQ$dOCLCO$dOCLCA$dAGL$dOCLCQ
=049  \\$aAGLL
=070  0\$aA56.9$bR31 no. 118
=072  \0$a5000
=100  1\$aRosa, J. Marvin$q(John Marvin),$d1916-2005,$eauthor.$0http://id.loc.gov/authorities/names/no2010175988
=245  13$aAn electric analog for computing direct surface runoff /$cby J. Marvin Rosa.
=260  \\$aWashington, D.C. :$bAgricultural Research Service, U.S. Dept. of Agriculture,$c1966.
=300  \\$a28 pages :$billustrations ;$c26 cm
=336  \\$atext$btxt$2rdacontent
=337  \\$aunmediated$bn$2rdamedia
=338  \\$avolume$bnc$2rdacarrier
=490  1\$aARS ;$v41-118
=504  \\$aIncludes bibliographical references.
=530  \\$aAlso available online.
=591  \\$bNAL Reclamation
=593  \\$fAgricola CAT
=650  \0$aRunoff$xMathematical models.
=655  \3$aInternet resource.
=710  1\$aUnited States.$bAgricultural Research Service.
=776  08$iOnline version:$aRosa, J. Marvin.$tElectric analog for computing direct surface runoff.$dWashington, D.C. : Agricultural Research Service, U.S. Dept. of Agriculture, 1966$w(OCoLC)1130906713
=830  \0$aARS (Series) (United States. Agricultural Research Service) ;$v41-118.
=856  41$uhttps://archive.org/details/electricanalogfo11rosa
=912  \\$analcatalog
=930  \\$a20201015$b00000000$c00000000
=939  \\$a20131022$b20131101$c00000000
=945  \\$aDigiMet
=945  \\$p36
=946  \\$aUSDA
=959  \\$c2013-10-22$essouder$gurl
=959  \\$c2020-10-15$ecbarone$gother
=994  \\$a92$bAGL

