=LDR  01223cam a2200373M  4500
=001  9915550017707426
=005  20240624183124.0
=008  800401s1966\\\\dcu\\\\\\\\\\\000\0\eng\d
=016  7\$aCAT10227635$2DNAL
=035  \\$a194682
=035  \\$a(OCoLC)1289107537
=035  \\$a(DNAL)194682-naldb-Voyager
=040  \\$aAGL$beng$cAGL
=049  \\$aAGLL
=070  \\$a1$bAg84M no. 811 1966
=072  \0$a3000
=110  2\$aUnited States.$bRural Electrification Administration.
=245  10$aRural lines, USA; the story of cooperative rural electrification.
=250  \\$aRev.
=260  \\$a[Washington]$c1966.
=300  \\$a48 p.$billus.$c26 cm.
=490  1\$aU.S. Dept. of Agriculture. Miscellaneous publication no. 811
=591  \\$bNAL Reclamation
=593  \\$fAgricola CAT
=650  \0$aRural electrification$zUnited States.
=655  \3$aInternet resource.
=830  \0$aMiscellaneous publication (United States. Department of Agriculture) ;$vno. 811.
=856  41$uhttps://archive.org/details/rurallinesusasto811unit
=912  \\$analcatalog
=930  \\$a20140305$b20140404$c00000000
=939  \\$a20130627$b20130705$c00000000
=945  \\$aDigiMet
=945  \\$p58
=946  \\$aUSDA
=959  \\$c2013-06-27$ejgilbert$glf
=994  \\$a92$bAGL

