=LDR  01512cam a2200421M  4500
=001  9915550359707426
=005  20240624190414.0
=008  800401s1966\\\\dcu\\\\\\\\\\\000\0\eng\d
=016  7\$aCAT10228529$2DNAL
=035  \\$a196431
=035  \\$a(OCoLC)1289110091
=035  \\$a(DNAL)196431-naldb-Voyager
=040  \\$aAGL$beng$cAGL
=049  \\$aAGLL
=070  \\$aA381$bR31A no. 51
=072  \0$a1500
=100  1\$aEskew, Roderick K.$q(Roderick Koenig),$d1897-
=245  10$aEngineering research at the Eastern Utilization Research and Development Division; a 25th anniversary review$c[by Roderick K. Eskew and others.
=260  \\$aWashington]$bAgricultural Research Service, U.S. Dept. of Agriculture,$c1966.
=300  \\$a24 p.$billus.$c27 cm.
=490  1\$a[U.S. Agricultural Research Service] ARS-73-51
=504  \\$a"References": p. 19-24.
=591  \\$bNAL Reclamation
=593  \\$fAgricola CAT
=610  20$aUnited States.$bAgricultural Research Service.$bEastern Utilization Research and Development Division
=650  \0$aFarm produce$xUtilization$xResearch.
=655  \3$aInternet resource.
=700  1\$aSinnamon, Howard I.,$d1920-
=700  1\$aClaffey, Joseph B.
=700  1\$aAceto, Nicholas C.
=700  1\$aCording, James R.,$d1914-
=830  \0$aARS 73 ;$v51.
=856  41$uhttps://archive.org/details/engineeringresea7351eske
=912  \\$analcatalog
=930  \\$a20140414$b20140502$c00000000
=945  \\$aDigiMet
=945  \\$p32
=946  \\$aUSDA
=959  \\$c2014-04-14$earojas$gap
=994  \\$a92$bAGL

