=LDR  02314cam a2200553   4500
=001  9915550435007426
=005  20240624190413.0
=008  800401s1965\\\\dcu\\\\\\b\\\\000\0\eng\c
=010  \\$aagr66000189 
=016  7\$aCAT10228504$2DNAL
=019  \\$a631102140
=035  \\$a196383
=035  \\$a(OCoLC)00009556$z(OCoLC)631102140
=035  \\$a(DNAL)196383-naldb-Voyager
=035  \\$z(OCoLC)631102140
=040  \\$aU.S. Nat'l. Agr. Libr.$beng$cDLC$dBTCTA$dOCLCO$dOCLCQ$dOCLCO$dOCLCF$dSEA$dOCLCQ
=043  \\$an-us---
=049  \\$aAGLL
=050  00$aSD11$b.A45542 no. 4
=070  \\$aA99.9$bF76Us no. 4
=072  \\$a4500
=086  0\$aA 13.78:WO-4
=100  1\$aDuncan, Catherine G.$q(Catherine Gross),$d1908-1968.$0http://id.loc.gov/authorities/names/n2009026642
=245  10$aFungi associated with principal decays in wood products in the United States$c[by Catherine G. Duncan and Frances F. Lombard].
=260  \\$aWashington,$bDept. of Agriculture,$c1965.
=300  \\$a31 pages$c26 cm.
=336  \\$atext$btxt$2rdacontent
=337  \\$aunmediated$bn$2rdamedia
=338  \\$avolume$bnc$2rdacarrier
=490  1\$aU.S. Forest Service research paper$vWO-4
=504  \\$aIncludes bibliographical references (pages 14-15).
=591  \\$bNAL Reclamation
=593  \\$fAgricola CAT
=650  \0$aWood-decaying fungi.$0http://id.loc.gov/authorities/subjects/sh85147839
=650  \0$aBasidiomycetes$zUnited States.
=650  \0$aWood products.$0http://id.loc.gov/authorities/subjects/sh86004188
=650  \3$awood$xFungi.
=650  \3$adecayed wood.
=650  \3$aBasidiomycota.
=651  \7$aUnited States.$2fast$0(OCoLC)fst01204155
=700  1\$aLombard, Frances F.$q(Frances Foust),$d1915-1995,$eauthor.$0http://id.loc.gov/authorities/names/n79004501
=776  08$iOnline version:$aDuncan, Catherine G. (Catherine Gross), 1908-1968.$tFungi associated with principal decays in wood products in the United States.$dWashington, Dept. of Agriculture, 1965$w(OCoLC)904204923
=830  \0$aU.S. Forest Service research paper WO ;$v4.
=856  41$uhttps://archive.org/details/fungiassociatedw04dunc
=912  \\$analcatalog
=930  \\$a00000000$b00000000$c00000000
=938  \\$aBaker and Taylor$bBTCP$nagr66000189
=945  \\$aDigiMet
=945  \\$p40
=959  \\$c2014-10-03$essouder$gurl
=994  \\$a92$bAGL

