=LDR  01817cam a2200505Ia 4500
=001  9915550445007426
=005  20240624190414.0
=008  800401s1967\\\\paua\\\\\b\\\f000\0\eng\d
=016  7\$aCAT10240787$2DNAL
=035  \\$a196121
=035  \\$a(OCoLC)311587448
=035  \\$a(DNAL)196121-naldb-Voyager
=040  \\$aMTG$beng$cMTG$dMTG$dOCLCA$dPHA$dOCLCA$dOCLCF$dOCL$dOCLCQ$dSEA$dAGM$dOCLCA$dAGL
=049  \\$aAGLL
=050  \0$aSD11$b.A4550 NE-74
=070  \\$aA99.9$bF7622U no. 74
=072  \0$a4500
=086  0\$aA 13.79:NE-74
=100  1\$aJensen, Keith F.$0http://id.loc.gov/authorities/names/no90008233
=245  10$aMeasuring oxygen and carbon dioxide in red oak trees /$c[Keith F. Jensen].
=260  \\$aUpper Darby, Pa :$bNortheastern Forest Experiment Station, Forest Service, U.S. Dept. of Agriculture,$c1967.
=300  \\$a4 pages :$billustrations ;$c25 cm.
=336  \\$atext$btxt$2rdacontent
=337  \\$aunmediated$bn$2rdamedia
=338  \\$avolume$bnc$2rdacarrier
=490  1\$aU.S. Forest Service research note ;$vNE-74
=504  \\$aIncludes bibliographical references (page 4).
=530  \\$aAlso available online.
=591  \\$bNAL Reclamation
=593  \\$fAgricola CAT
=650  \0$aQuercus rubra.$0http://id.loc.gov/authorities/subjects/sh85112074
=650  \3$aQuercus rubra.
=650  \3$agas exchange.
=650  \3$aoxygen.
=650  \3$acarbon dioxide.
=655  \3$aInternet resource.
=710  2\$aNortheastern Forest Experiment Station (Radnor, Pa.)
=830  \0$aForest Service research note NE ;$v74.
=856  41$uhttps://archive.org/details/measuringoxygenc74jens
=912  \\$analcatalog
=930  \\$a20140116$b00000000$c00000000
=945  \\$aDigiMet
=945  \\$p8
=946  \\$aUSDA
=959  \\$c2014-01-15$essouder$gurl
=959  \\$c2014-01-16$earojas$gap
=994  \\$a92$bAGL

