=LDR  01660cam a22004811  4500
=001  9915550456907426
=005  20240624190416.0
=008  800401s1967\\\\dcua\\\\\s\\\f000\0\eng\c
=010  \\$aagr68000029 
=016  7\$aCAT10240963$2DNAL
=035  \\$a196465
=035  \\$a(OCoLC)00473027
=035  \\$a(DNAL)196465-naldb-Voyager
=040  \\$aU.S. Nat'l Agr. Libr.$beng$cDLC$dOCL$dBTCTA$dOCLCO$dOCLCF$dOCLCQ$dCSF$dOKS$dAGL
=049  \\$aAGLL
=050  10$aS21$b.Z2383 no. 136
=070  \\$aA281.9$bF76Fm no. 136 1967
=072  \0$a1500
=086  0\$aA 67.26:136/2
=100  1\$aMehr, Stanley,$d1918-
=245  10$aCompetition in world raisin markets.
=250  \\$aRev. ed.
=260  \\$a[Washington]$bForeign Agricultural Service, U.S. Dept. of Agriculture,$c1967.
=300  \\$a43 pages$billustrations$c26 cm.
=336  \\$atext$btxt$2rdacontent
=337  \\$aunmediated$bn$2rdamedia
=338  \\$avolume$bnc$2rdacarrier
=490  1\$a[U.S. Foreign Agricultural Service] FAS-M-136
=591  \\$bNAL Reclamation
=593  \\$fAgricola CAT
=650  \0$aRaisins.$0http://id.loc.gov/authorities/subjects/sh85111232
=650  \0$aRaisins$vStatistics.
=655  \3$aInternet resource.
=655  \7$aStatistics.$2fast$0(OCoLC)fst01423727
=710  1\$aUnited States.$bForeign Agricultural Service.$0http://id.loc.gov/authorities/names/n80126196
=830  \0$aFAS M ;$v136.
=856  41$uhttps://archive.org/details/competitioninwor136mehr
=912  \\$analcatalog
=930  \\$a20140306$b20140404$c00000000
=938  \\$aBaker and Taylor$bBTCP$nagr68000029
=945  \\$aDigiMet
=945  \\$p52
=946  \\$aUSDA
=959  \\$c2014-03-06$earojas$gap
=994  \\$a92$bAGL

