=LDR  02634cam a2200625 i 4500
=001  9915550554407426
=005  20240624190420.0
=008  800401s1967\\\\dcu\\\\\\s\\\f000\0\eng\c
=010  \\$aagr68000077 
=016  7\$aCAT10240726$2DNAL
=019  \\$a41985330$a977085138
=035  \\$a196002
=035  \\$a(OCoLC)00049248$z(OCoLC)41985330$z(OCoLC)977085138
=035  \\$a(DNAL)196002-naldb-Voyager
=035  \\$z(OCoLC)41985330$z(OCoLC)977085138
=040  \\$aU.S. Nat'l Agr. Libr.$beng$cDLC$dOCL$dOCLCQ$dBTCTA$dOCLCO$dOCLCA$dOCLCF$dOCLCQ$dCOD$dOKS$dCSF$dOCLCQ$dOCLCA$dGPO$dWURST$dAGL
=043  \\$an-us-nc
=049  \\$aAGLL
=050  10$aTX1$b.U5 no. 34
=070  \\$aA321.9$bAg8 no. 34
=072  \0$a4000
=074  \\$a0011-B
=086  0\$aA 1.87:34
=100  1\$aHolmes, Emma G.$q(Emma Grace),$d1906-$0http://id.loc.gov/authorities/names/nr2003026205
=245  10$aJob-related expenditures and management practices of gainfully employed wives in North Carolina /$cby Emma G. Holmes.
=260  \\$aWashington, D.C. :$bAgricultural Research Service, U.S. Dept. of Agriculture,$c1967.
=300  \\$aiv, 39 pages ;$c26 cm.
=336  \\$atext$btxt$2rdacontent
=337  \\$aunmediated$bn$2rdamedia
=338  \\$avolume$bnc$2rdacarrier
=490  1\$aUnited States. Dept. of Agriculture. Home economics research report ;$vno. 34
=591  \\$bNAL Reclamation
=593  \\$fAgricola CAT
=650  \0$aHome economics$xAccounting.$0http://id.loc.gov/authorities/subjects/sh85061674
=650  \0$aHome economics$zNorth Carolina.
=650  \0$aCost and standard of living$zNorth Carolina$vStatistics.
=650  \0$aWomen$xEmployment$zNorth Carolina.
=650  \3$aCost and standard of living$zNorth Carolina$vStatistics.
=650  \3$aBudget, Household.
=650  \3$awomen$xEmployment$zNorth Carolina.
=651  \7$aNorth Carolina.$2fast$0(OCoLC)fst01204304
=655  \3$aInternet resource.
=655  \7$aStatistics.$2fast$0(OCoLC)fst01423727
=710  1\$aUnited States.$bAgricultural Research Service.$bConsumer and Food Economics Research Division.$0http://id.loc.gov/authorities/names/n81006611
=830  \0$aHome economics research report (United States. Department of Agriculture) ;$vno. 34.
=856  41$uhttps://archive.org/details/jobrelatedexpend34holm
=912  \\$analcatalog
=930  \\$a20140411$b20140502$c00000000
=938  \\$aBaker and Taylor$bBTCP$nagr68000077
=939  \\$a20140126$b20140207$c00000000
=939  \\$a20130326$b20130404$c00000000
=945  \\$aDigiMet
=945  \\$p48
=946  \\$aOther US
=959  \\$c2013-03-26$earojas$gap
=959  \\$c2014-01-26$edcollins$gap
=994  \\$a92$bAGL

