=LDR  01723cam a2200457Ia 4500
=001  9915550568307426
=005  20240624190411.0
=008  800401s1967\\\\paua\\\\\\\\\f000\0\eng\d
=016  7\$aCAT10240851$2DNAL
=035  \\$a196247
=035  \\$a(OCoLC)311565203
=035  \\$a(DNAL)196247-naldb-Voyager
=040  \\$aMTG$beng$cMTG$dMTG$dNUI$dOCLCA$dPHA$dOCLCF$dOCLCQ$dSEA$dCOD$dOCLCA$dAGM$dOCLCA$dAGL
=049  \\$aAGLL
=070  \\$aA99.9$bF7622U no. 70
=072  \0$a3000
=086  0\$aA 13.79:NE-70
=100  1\$aKoelling, Melvin R.$q(Melvin Ray),$d1937-$0http://id.loc.gov/authorities/names/no00051951
=245  12$aA portable field shelter /$c[Melvin R. Koelling].
=260  \\$aUpper Darby, Pa. :$bNortheastern Forest Experiment Station, Forest Service, U.S. Dept. of Agriculture,$c1967.
=300  \\$a4 pages :$billustrations ;$c25 cm.
=336  \\$atext$btxt$2rdacontent
=337  \\$aunmediated$bn$2rdamedia
=338  \\$avolume$bnc$2rdacarrier
=490  1\$aU.S. Forest Service research note ;$vNE-70
=530  \\$aAlso available online.
=591  \\$bNAL Reclamation
=593  \\$fAgricola CAT
=650  \0$aBuildings, Temporary$xDesign and construction.
=650  \0$aDwellings$xDesign and construction.$0http://id.loc.gov/authorities/subjects/sh95010322
=650  \3$aplywood.
=655  \3$aInternet resource.
=710  2\$aNortheastern Forest Experiment Station (Radnor, Pa.)
=830  \0$aU.S. Forest Service research note NE ;$v70.
=856  41$uhttps://archive.org/details/portablefieldshe70koel
=912  \\$analcatalog
=930  \\$a20140115$b00000000$c00000000
=945  \\$aDigiMet
=945  \\$p8
=946  \\$aUSDA
=959  \\$c2014-01-15$essouder$gurl
=959  \\$c2011-11-14$earojas$gap
=994  \\$a92$bAGL

