=LDR  01838cam a2200493M  4500
=001  9915550573907426
=005  20240624190421.0
=008  800401s1966\\\\ohuab\\\\\\\\\000\0\eng\\
=010  \\$a   66062560 
=016  7\$aCAT10228465$2DNAL
=035  \\$a196307
=035  \\$a(OCoLC)170887060
=035  \\$a(DNAL)196307-naldb-Voyager
=040  \\$aDLC$beng$cLHL$dOCLCF$dOCLCO$dOCLCQ$dOCLCA$dAGL
=043  \\$an-us-ky
=049  \\$aAGLL
=070  \\$aA99.9$bF7629Uf no. 4
=072  \0$a4500
=086  0\$aA 13.80:CS-4
=100  1\$aDeBald, Paul S.
=245  10$aKentucky forests: Eastern Unit$c[by] Paul S. DeBald [and] David A Gansner.
=260  \\$a[Columbus, Ohio],$b[Central States Forest Experiment Station, U.S. Dept. of Agriculture, Forest Service]$c1965.
=300  \\$a34 pages.
=336  \\$atext$btxt$2rdacontent
=337  \\$aunmediated$bn$2rdamedia
=338  \\$avolume$bnc$2rdacarrier
=490  1\$aForest Service resource bulletin CS
=591  \\$bNAL Reclamation
=593  \\$fAgricola CAT
=650  \0$aForest surveys$zKentucky.
=650  \0$aForests and forestry$zKentucky.
=651  \7$aKentucky.$2fast$0(OCoLC)fst01204494
=655  \3$aInternet resource.
=700  1\$aGansner, David A.,$eauthor.
=710  1\$aKentucky.$bDivision of Forestry.$0http://id.loc.gov/authorities/names/n50050049
=710  2\$aCentral States Forest Experiment Station (Columbus, Ohio)$0http://id.loc.gov/authorities/names/n50082298
=830  \0$aForest Service resource bulletin CS.
=810  2\$aCentral States Forest Experiment Station (Columbus, Ohio).$tU.S. Forest Service resource bulletin CS ;$v4.
=856  41$uhttps://archive.org/details/kentuckyforestse04deba
=912  \\$analcatalog
=930  \\$a20140703$b00000000$c00000000
=945  \\$aDigiMet
=945  \\$p46
=946  \\$aUSDA
=959  \\$c2014-07-03$earojas$gap
=994  \\$a92$bAGL

