=LDR  01774cam a2200481Ia 4500
=001  9915550587007426
=005  20240624190421.0
=008  800401s1966\\\\akua\\\\\b\\\f000\0\eng\d
=016  7\$aCAT10228689$2DNAL
=035  \\$a196741
=035  \\$a(OCoLC)41813678
=035  \\$a(DNAL)196741-naldb-Voyager
=040  \\$aAkJFS$beng$cW7L$dRLA$dOCLCQ$dMTG$dOCLCQ$dSEA$dCOD$dOCLCF$dAGM$dOCLCA$dWURST$dAGL
=043  \\$an-us-ak
=049  \\$aAGLL
=050  \0$aSD11$b.A456135 no.13
=070  \\$aA99.9$bF7672U no. 13
=072  \0$a4500
=086  0\$aA 13.79:NOR-13
=100  1\$aHarris, A. S.$0http://id.loc.gov/authorities/names/n84177588
=245  12$aA test of pruning sitka spruce in Alaska /$cA.S. Harris.
=260  \\$aJuneau, Alaska :$bU.S. Forest Service, Northern Forest Experiment Station,$c1966.
=300  \\$a3 pages :$billustrations ;$c27 cm.
=336  \\$atext$btxt$2rdacontent
=337  \\$aunmediated$bn$2rdamedia
=338  \\$avolume$bnc$2rdacarrier
=490  1\$aU.S. Forest Service research note NOR ;$v13
=504  \\$aIncludes bibliographical references.
=591  \\$bNAL Reclamation
=593  \\$fAgricola CAT
=650  \0$aSitka spruce$xPruning$zAlaska.
=650  \3$aPicea sitchensis.
=650  \3$apruning.
=651  \7$aAlaska.$2fast$0(OCoLC)fst01204480
=655  \3$aInternet resource.
=710  2\$aNorthern Forest Experiment Station (Juneau, Alaska)$0http://id.loc.gov/authorities/names/no2009160659
=810  2\$aNorthern Forest Experiment Station (Juneau, Alaska).$tU.S. Forest service research note NOR ;$v13.
=856  41$uhttps://archive.org/details/testofpruningsit13harr
=912  \\$analcatalog
=930  \\$a20140703$b00000000$c00000000
=945  \\$aDigiMet
=945  \\$p8
=946  \\$aUSDA
=959  \\$c2014-07-03$earojas$gap
=994  \\$a92$bAGL

