=LDR  01741cam a2200481Ia 4500
=001  9915550587307426
=005  20240624190407.0
=008  800401s1966\\\\dcua\\\\\\\\\f000\0\eng\d
=016  7\$aCAT10228688$2DNAL
=035  \\$a196739
=035  \\$a(OCoLC)70055783
=035  \\$a(DNAL)196739-naldb-Voyager
=040  \\$aIWA$beng$cIWA$dOCLCF$dOCLCO$dOCLCQ$dOCLCA$dAGL
=049  \\$aAGLL
=050  \0$aSF532$bH37x 1966
=070  0\$aA420$bR31 no. 111
=072  \0$a3500
=086  0\$aA 77.15:33-111
=100  1\$aHarp, Emmett R.,$eauthor.
=245  12$aA simplified pollen trap for use on colonies of honey bees /$cby Emmett R. Harp.
=260  \\$a[Washington, D.C.?] :$bU.S. Dept. of Agriculture, Agricultural Research Service,$c[1966]
=300  \\$a4 pages :$billustrations ;$c26 cm.
=336  \\$atext$btxt$2rdacontent
=337  \\$aunmediated$bn$2rdamedia
=338  \\$avolume$bnc$2rdacarrier
=490  1\$aARS ;$v33-111
=530  \\$aAlso available online.
=591  \\$bNAL Reclamation
=593  \\$fAgricola CAT
=650  \0$aBee culture$xEquipment and supplies.$0http://id.loc.gov/authorities/subjects/sh85012793
=650  \0$aBee pollen.$0http://id.loc.gov/authorities/subjects/sh85012798
=655  \3$aInternet resource.
=710  1\$aUnited States.$bAgricultural Research Service.
=830  \0$aARS (Series) (United States. Agricultural Research Service) ;$v33-111.
=856  41$uhttps://archive.org/details/simplifiedpollen111harp
=912  \\$analcatalog
=930  \\$a20201016$b00000000$c00000000
=939  \\$a20140411$b20140502$c00000000
=939  \\$a20131022$b20131101$c00000000
=945  \\$aDigiMet
=945  \\$p10
=946  \\$aUSDA
=959  \\$c2013-10-22$essouder$gurl
=959  \\$c2020-10-16$ecbarone$gother
=994  \\$a92$bAGL

