=LDR  01766cam a2200469Ia 4500
=001  9915550590907426
=005  20240624190407.0
=008  800401s1967\\\\paua\\\\\\\\\f000\0\eng\d
=016  7\$aCAT10240951$2DNAL
=035  \\$a196443
=035  \\$a(OCoLC)311565269
=035  \\$a(DNAL)196443-naldb-Voyager
=040  \\$aMTG$beng$cMTG$dMTG$dNUI$dOCLCA$dPHA$dOCLCF$dOCLCQ$dSEA$dAGM$dOCLCA$dAGL
=049  \\$aAGLL
=070  \\$aA99.9$bF7622U no. 73
=072  \0$a3000
=086  0\$aA 13.79:NE-73
=100  1\$aMcConkey, Thomas W.
=245  10$aLight-weight extension tubes for compressed-air garden sprayers /$c[Thomas W. McConkey and Charles E. Swett].
=260  \\$aUpper Darby, Pa. :$bNortheastern Forest Experiment Station, Forest Service, U.S. Dept. of Agriculture,$c1967.
=300  \\$a8 pages :$billustrations ;$c25 cm.
=336  \\$atext$btxt$2rdacontent
=337  \\$aunmediated$bn$2rdamedia
=338  \\$avolume$bnc$2rdacarrier
=490  1\$aU.S. Forest Service research note ;$vNE-73
=530  \\$aAlso available online.
=591  \\$bNAL Reclamation
=593  \\$fAgricola CAT
=650  \0$aSpraying equipment.$0http://id.loc.gov/authorities/subjects/sh85126993
=650  \0$aSpraying and dusting in agriculture.$0http://id.loc.gov/authorities/subjects/sh85126991
=650  \3$aspraying equipment.
=655  \3$aInternet resource.
=700  1\$aSwett, Charles E.
=710  2\$aNortheastern Forest Experiment Station (Radnor, Pa.)
=830  \0$aForest Service research note NE ;$v73.
=856  41$uhttps://archive.org/details/lightweightexten73mcco
=912  \\$analcatalog
=930  \\$a20140116$b00000000$c00000000
=945  \\$aDigiMet
=945  \\$p12
=946  \\$aUSDA
=959  \\$c2014-01-15$essouder$gurl
=959  \\$c2014-01-16$earojas$gap
=994  \\$a92$bAGL

