=LDR  02216cam a2200529 i 4500
=001  9915550617707426
=005  20240624190415.0
=008  800401s1967\\\\orua\\\\\b\\\f000\0\eng\d
=016  7\$aCAT10240906$2DNAL
=019  \\$a1039835342$a1084384880$a1231867951
=035  \\$a196356
=035  \\$a(OCoLC)18657752$z(OCoLC)1039835342$z(OCoLC)1084384880$z(OCoLC)1231867951
=035  \\$a(DNAL)196356-naldb-Voyager
=035  \\$z(OCoLC)1039835342$z(OCoLC)1084384880$z(OCoLC)1231867951
=040  \\$aRDZ$beng$cRDZ$dWCA$dMTG$dXFF$dOCLCQ$dOCLCF$dOCLCQ$dOCLCO$dAGM$dWURST$dOCLCQ$dAGL
=049  \\$aAGLL
=050  10$aTJ268$b.L48 1967y
=070  \\$aA99.9$bF7625U no. 65
=072  \0$a8500
=086  0\$aA 13.79:PNW-65
=100  1\$aLevno, Al.$0http://id.loc.gov/authorities/names/n84176605
=245  10$aIncreases in maximum stream temperatures after logging in old-growth Douglas-Fir watersheds /$cby A. Levno and Jack Rothacher.
=260  \\$aPortland, Or. :$bPacific Northwest Forest and Range Experiment Station, U.S. Dept. of Agriculture,$c1967.
=300  \\$a12 pages :$billustrations ;$c27 cm
=336  \\$atext$btxt$2rdacontent
=337  \\$aunmediated$bn$2rdamedia
=338  \\$avolume$bnc$2rdacarrier
=490  1\$aU.S. Forest Service research note PNW ;$v65
=504  \\$aIncludes bibliographical references.
=591  \\$bNAL Reclamation
=593  \\$fAgricola CAT
=650  \0$aWater temperature.$0http://id.loc.gov/authorities/subjects/sh85074038
=650  \0$aForest microclimatology.$0http://id.loc.gov/authorities/subjects/sh85050608
=650  \3$astreams.
=650  \3$aold-growth forests.
=650  \3$aPseudotsuga menziesii.
=650  \3$awater temperature.
=655  \3$aInternet resource.
=700  1\$aRothacher, Jack.$0http://id.loc.gov/authorities/names/n79069887
=710  2\$aPacific Northwest Forest and Range Experiment Station (Portland, Or.)$0http://id.loc.gov/authorities/names/n80126131
=830  \0$aU.S. Forest Service research note PNW ;$v65.
=856  41$uhttps://archive.org/details/increasesinmaxim65levn
=912  \\$analcatalog
=930  \\$a20140506$b00000000$c00000000
=945  \\$aDigiMet
=945  \\$p16
=946  \\$aUSDA
=959  \\$c2014-05-06$earojas$gap
=994  \\$a92$bAGL

