=LDR  02113cam a2200541Ia 4500
=001  9915550654807426
=005  20240624190419.0
=008  800401s1966\\\\akuab\\\\\\\\f000\0\eng\d
=016  7\$aCAT10228718$2DNAL
=019  \\$a1039874495$a1230183967$a1231886016
=035  \\$a196797
=035  \\$a(OCoLC)41813711$z(OCoLC)1039874495$z(OCoLC)1230183967$z(OCoLC)1231886016
=035  \\$a(DNAL)196797-naldb-Voyager
=035  \\$z(OCoLC)1039874495$z(OCoLC)1230183967$z(OCoLC)1231886016
=040  \\$aAkJFS$beng$cW7L$dRLA$dOCLCQ$dUAF$dMTG$dOCLCF$dOCLCQ$dOCLCO$dSEA$dCOD$dAGM$dOCLCA$dWURST$dAGL
=041  \\$a...
=043  \\$an-us-ak
=049  \\$aAGLL
=050  \0$aSD11$b.A456135 no.14
=070  \\$aA99.9$bF7672U no. 14
=072  \0$a4500
=086  0\$aA 13.79:NOR-14
=100  1\$aHelmers, Austin E.$q(Austin Edward),$d1916-2010.$0http://id.loc.gov/authorities/names/no2010040290
=245  10$aSome effects of log jams and flooding in a salmon spawning stream /$cA.E Helmers.
=260  \\$aJuneau, Alaska :$bU.S. Forest Service, Northern Forest Experiment Station,$c1966.
=300  \\$a4 pages :$billustrations, maps ;$c27 cm.
=336  \\$atext$btxt$2rdacontent
=337  \\$aunmediated$bn$2rdamedia
=338  \\$avolume$bnc$2rdacarrier
=490  1\$aU.S. Forest Service research note NOR ;$v14
=591  \\$bNAL Reclamation
=593  \\$fAgricola CAT
=650  \0$aStream ecology$zAlaska.
=650  \0$aStream conservation$zAlaska.
=650  \0$aRivers$zAlaska$xRegulation.
=650  \3$aspawning.
=650  \3$aadverse effects.
=650  \3$astream flow.
=651  \7$aAlaska.$2fast$0(OCoLC)fst01204480
=655  \3$aInternet resource.
=710  2\$aNorthern Forest Experiment Station (Juneau, Alaska)$0http://id.loc.gov/authorities/names/no2009160659
=810  2\$aNorthern Forest Experiment Station (Juneau, Alaska).$tU.S. Forest service research note NOR ;$v14.
=856  41$uhttps://archive.org/details/someeffectsoflog14helm
=912  \\$analcatalog
=930  \\$a20140703$b00000000$c00000000
=945  \\$aDigiMet
=945  \\$p8
=946  \\$aUSDA
=959  \\$c2014-07-03$earojas$gap
=994  \\$a92$bAGL

