=LDR  01871cam a2200541 a 4500
=001  9915550667607426
=005  20240624190412.0
=008  800401s1965\\\\paua\\\\\b\\\f000\0\eng\d
=016  7\$aCAT10228547$2DNAL
=019  \\$a220015390
=035  \\$a196464
=035  \\$a(OCoLC)794181746$z(OCoLC)220015390
=035  \\$a(DNAL)196464-naldb-Voyager
=035  \\$z(OCoLC)220015390
=040  \\$aNUI$beng$cNUI$dOCLCA$dPHA$dOCLCF$dOCLCQ$dCOD$dOCLCA$dAGM$dOCLCA$dOCLCQ$dAGL
=043  \\$an-us-nh
=049  \\$aAGLL
=070  \\$aA99.9$bF7622U no. 41
=072  \0$a8500
=086  0\$aA 13.79:NE-41
=100  1\$aFederer, C. Anthony.
=245  10$aSustained winter streamflow from groundmelt /$c[C. Anthony Federer].
=260  \\$aUpper Darby, Pa. :$bNortheastern Forest Experiment Station, Forest Service, U.S. Dept. of Agriculture,$c1965.
=300  \\$a4 pages :$billustrations ;$c25 cm
=336  \\$atext$btxt$2rdacontent
=337  \\$aunmediated$bn$2rdamedia
=338  \\$avolume$bnc$2rdacarrier
=490  1\$aU.S. Forest Service research note ;$vno. NE-41
=504  \\$aIncludes bibliographical references (page 4).
=591  \\$bNAL Reclamation
=593  \\$fAgricola CAT
=650  \0$aStreamflow$zNew Hampshire.
=650  \0$aStream measurements$zNew Hampshire.
=650  \0$aRunoff$zNew Hampshire.
=650  \3$astream flow.
=650  \3$awinter.
=650  \3$asnowmelt.
=651  \7$aNew Hampshire.$2fast$0(OCoLC)fst01204318
=655  \3$aInternet resource.
=710  2\$aNortheastern Forest Experiment Station (Radnor, Pa.)
=830  \0$aU.S. Forest Service research note NE ;$v41.
=856  41$uhttps://archive.org/details/sustainedwinters41fede
=912  \\$analcatalog
=930  \\$a20140116$b00000000$c00000000
=945  \\$aDigiMet
=945  \\$p8
=946  \\$aUSDA
=959  \\$c2014-01-15$essouder$gurl
=959  \\$c2014-01-16$earojas$gap
=994  \\$a92$bAGL

