=LDR  01374cam a2200385M  4500
=001  9915550672507426
=005  20240624190407.0
=008  800401s1966\\\\dcu\\\\\\\\\\\000\0\eng\d
=016  7\$aCAT10228745$2DNAL
=035  \\$a196849
=035  \\$a(OCoLC)1289138333
=035  \\$a(DNAL)196849-naldb-Voyager
=040  \\$aAGL$beng$cAGL
=049  \\$aAGLL
=070  \\$a1.943$bF763 no. 128
=072  \0$a1500
=100  1\$aHornbeck, Bernice M.,$d1915-
=245  10$aCotton and manmade fibers competition in Japan$c[by Bernice M. Hornbeck and Horace G. Porter.
=260  \\$aWashington,]$bU.S. Dept. of Agriculture, Foreign Agriculture Service,$c1966.
=300  \\$a55 p.$billus.$c24 cm.
=490  1\$a[U.S. Foreign Agricultural Service] Foreign agriculture report no. 128
=504  \\$aBibliographical footnotes.
=591  \\$bNAL Reclamation
=593  \\$fAgricola CAT
=650  \0$aCotton manufacture$zJapan.
=650  \0$aTextile fibers, Synthetic$xManufacture and trade$zJapan.
=655  \3$aInternet resource.
=700  1\$aPorter, Horace G.,$d1913-
=810  2\$aUnited States.$bForeign Agricultural Service.$tForeign agriculture report.$vno. 128.
=856  41$uhttps://archive.org/details/cottonmanmadefib128horn
=912  \\$analcatalog
=930  \\$a20140506$b20140606$c00000000
=945  \\$aDigiMet
=945  \\$p64
=946  \\$aUSDA
=959  \\$c2014-05-06$earojas$gap
=994  \\$a92$bAGL

