=LDR  01905cam a2200517 a 4500
=001  9915550674807426
=005  20240624190420.0
=008  800401s1967\\\\paua\\\\\\\\\f000\0\eng\d
=016  7\$aCAT10240850$2DNAL
=035  \\$a196245
=035  \\$a(OCoLC)311551836
=035  \\$a(DNAL)196245-naldb-Voyager
=040  \\$aMTG$beng$cMTG$dMTG$dNUI$dOCLCA$dPHA$dOCLCF$dOCLCQ$dCOD$dOCLCA$dAGM$dOCLCA$dOCLCQ$dAGL
=049  \\$aAGLL
=050  \0$aSD11$b.A4550 NE-61
=070  \\$aA99.9$bF7622U no. 61
=072  \0$a4500
=086  0\$aA 13.79:NE-61
=100  1\$aKoelling, Melvin R.$q(Melvin Ray),$d1937-$0http://id.loc.gov/authorities/names/no00051951
=245  10$aControlling taphole depth in maple sap production research /$c[Melvin R Koelling, and Barton M. Blum].
=260  \\$aUpper Darby, Pa. :$bNortheastern Forest Experiment Station, Forest Service, U.S. Dept. of Agriculture,$c1967.
=300  \\$a4 pages :$billustrations ;$c25 cm
=336  \\$atext$btxt$2rdacontent
=337  \\$aunmediated$bn$2rdamedia
=338  \\$avolume$bnc$2rdacarrier
=490  1\$aU.S. Forest Service research note ;$vNE-61
=530  \\$aAlso available online.
=591  \\$bNAL Reclamation
=593  \\$fAgricola CAT
=650  \0$aMaple syrup industry.$0http://id.loc.gov/authorities/subjects/sh91000592
=650  \3$aAcer.
=650  \3$asap.
=650  \3$ayields.
=650  \3$aresearch.
=650  \3$adepth.
=655  \3$aInternet resource.
=700  1\$aBlum, Barton M.$0http://id.loc.gov/authorities/names/n79047123
=710  2\$aNortheastern Forest Experiment Station (Radnor, Pa.)
=830  \0$aU.S. Forest Service research note NE ;$v61.
=856  41$uhttps://archive.org/details/controllingtapho61koel
=912  \\$analcatalog
=930  \\$a20140115$b00000000$c00000000
=945  \\$aDigiMet
=945  \\$p8
=946  \\$aUSDA
=959  \\$c2014-01-15$essouder$gurl
=959  \\$c2011-11-14$earojas$gap
=994  \\$a92$bAGL

