=LDR  02276cam a2200589   4500
=001  9915550710307426
=005  20240624190415.0
=008  800401s1968\\\\dcuab\\\\b\\\f000\0\eng\c
=010  \\$aagr68000112 
=016  7\$aCAT10240727$2DNAL
=035  \\$a196004
=035  \\$a(OCoLC)00054109
=035  \\$a(DNAL)196004-naldb-Voyager
=040  \\$aU.S. Nat'l Agr. Libr.$beng$cDLC$dCWR$dOCLCQ$dBTCTA$dOCLCG$dUUS$dN8E$dNUI$dOCLCQ$dOCLCF$dCOF$dCSF$dOKS$dOCLCA$dGPO$dOCLCQ$dAGL
=049  \\$aAGLL
=050  00$aS900$b.U5 no. 133
=070  0\$aA56.9.R31$bno.133 1968
=072  \0$a8500
=074  \\$a0025-B
=086  0\$aA 77.15:41-133
=086  0\$aA 77.15:ARS-41-133
=100  1\$aHoltan, H. N.,$d1909-$0http://id.loc.gov/authorities/names/n90657571
=245  10$aPlot samples of watershed hydrology$c[by H.N. Holtan and N.E. Minshall.
=260  \\$aWashington]$bAgricultural Research Service, U.S. Dept. of Agriculture,$c1968.
=300  \\$a206 pages$billustrations, maps$c26 cm
=336  \\$atext$btxt$2rdacontent
=337  \\$aunmediated$bn$2rdamedia
=338  \\$avolume$bnc$2rdacarrier
=490  1\$aARS / U.S. Dept. of Agriculture. Agricultural Research Service ;$v41-133
=504  \\$aIncludes bibliographical references.
=530  \\$aAlso available online.
=591  \\$bNAL Reclamation
=593  \\$fAgricola CAT
=650  \0$aWatersheds.$0http://id.loc.gov/authorities/subjects/sh85145749
=650  \0$aHydraulics.$0http://id.loc.gov/authorities/subjects/sh85063354
=650  \3$awatersheds.
=650  \3$afluid mechanics.
=655  \3$aInternet resource.
=700  1\$aMinshall, N. E.$q(Neal E.),$d1899-$0http://id.loc.gov/authorities/names/no98096634
=710  1\$aUnited States.$bAgricultural Research Service.
=830  \0$aARS (Series) (United States. Agricultural Research Service) ;$v41-133.
=856  41$uhttps://archive.org/details/plotsamplesofwat13holt
=912  \\$analcatalog
=930  \\$a20201016$b00000000$c00000000
=938  \\$aBaker and Taylor$bBTCP$nagr68000112
=939  \\$a20131022$b20131101$c00000000
=939  \\$a20130308$b20130404$c00000000
=945  \\$aDigiMet
=945  \\$p216
=946  \\$aUSDA
=959  \\$c2013-10-22$essouder$gurl
=959  \\$c2013-03-08$earojas$gap
=959  \\$c2020-10-16$ecbarone$gother
=994  \\$a92$bAGL

