=LDR  01798cam a2200469 a 4500
=001  9915550724507426
=005  20240624190411.0
=008  800401s1968\\\\mdua\\\\\\\\\f000\0\eng\d
=016  7\$aCAT10241123$2DNAL
=035  \\$a196776
=035  \\$a(OCoLC)41838788
=035  \\$a(DNAL)196776-naldb-Voyager
=040  \\$aIdU$beng$cNTD$dMUU$dOCLCF$dOCLCO$dOCLCQ$dAGL$dOCLCQ
=049  \\$aAGLL
=050  \0$aTC933$b.R625 1968
=070  0\$aA56.9$bR31 no. 140
=072  \0$a8500
=086  0\$aA 77.15:ARS-41-140
=100  1\$aRobinson, A. R.,$eauthor.
=245  10$aTrapezoidal flumes for measuring flow in irrigation channels /$c[by A.R. Robinson.
=260  \\$aBeltsville, Md.] :$bU.S. Dept. of Agriculture, Agricultural Research Service,$c1968.
=300  \\$a15 pages :$billustrations ;$c26 cm
=336  \\$atext$btxt$2rdacontent
=337  \\$aunmediated$bn$2rdamedia
=338  \\$avolume$bnc$2rdacarrier
=490  1\$aARS ;$v41-140
=530  \\$aAlso available online.
=591  \\$bNAL Reclamation
=593  \\$fAgricola CAT
=650  \0$aIrrigation canals and flumes$xDesign and construction.
=650  \0$aFlow meters$xDesign and construction.
=655  \3$aInternet resource.
=710  1\$aUnited States.$bAgricultural Research Service.$bSoil and Water Conservation Research Division.$0http://id.loc.gov/authorities/names/n83008026
=710  2\$aIdaho Agricultural Experiment Station.$0http://id.loc.gov/authorities/names/n79034521
=830  \0$aARS (Series) (United States. Agricultural Research Service) ;$v41-140.
=856  41$uhttps://archive.org/details/trapezoidalflume14robi
=912  \\$analcatalog
=930  \\$a20201016$b00000000$c00000000
=945  \\$aDigiMet
=945  \\$p20
=946  \\$aUSDA
=959  \\$c2013-10-22$essouder$gurl
=959  \\$c2020-10-16$ecbarone$gother
=994  \\$a92$bAGL

