=LDR  02678cam a2200661Ia 4500
=001  9915551462207426
=005  20240624190603.0
=008  950531s1896\\\\dcuf\\\\\\\\\f000\0\eng\d
=010  \\$aagr09002594 
=016  7\$aCAT11036911$2DNAL
=019  \\$a71111733
=035  \\$a748467
=035  \\$a(OCoLC)23350350$z(OCoLC)71111733
=035  \\$a(DNAL)748467-naldb-Voyager
=035  \\$z(OCoLC)71111733
=040  \\$aTJM$beng$cTJM$dOCLCQ$dAGL$dNUI$dOCLCQ$dOCLCO$dOCLCF$dOCLCQ$dEUW$dOCLCQ$dCOD$dOCLCA$dWIH$dOCLCO$dTJC$dOCLCO$dOCLCA$dFUG$dOCLCO$dOCLCA$dOCLCQ
=043  \\$an-us-mo
=049  \\$aRQIB
=070  0\$a1$bEx6B no. 31
=072  \0$aT000
=072  \0$aQ004
=072  \0$aQ002
=086  0\$aA 10.3:31
=100  1\$aGibson, H. B.
=245  10$aDietary studies at the University of Missouri in 1895, and data relating to bread and meat consumption in Missouri /$cby H.B. Gibson, S. Calvert, and D.W. May.
=260  \\$aWashington :$bG.P.O.,$c1896.
=300  \\$a24 pages :$bincluding tables, diagrams II plates ;$c23 cm
=336  \\$atext$btxt$2rdacontent
=337  \\$aunmediated$bn$2rdamedia
=338  \\$avolume$bnc$2rdacarrier
=490  1\$aU.S. Dept. of Agriculture. Office of Experiment Stations. Bulletin ;$vno. 31
=591  \\$bNAL Reclamation
=593  \\$fAgricola CAT
=610  22$aUniversity of Missouri
=650  \0$aDietaries.$0http://id.loc.gov/authorities/subjects/sh85037860
=650  \2$aDietetics.
=650  \2$aNutrition Surveys
=651  \2$aMissouri
=650  \3$adiet study techniques.
=655  \3$aInternet resource.
=655  \7$aPamphlets.$2gmgpc
=700  1\$aCalvert, S.
=700  1\$aMay, D. W.$q(David William),$d1868-1937.
=700  1\$aAtwater, W. O.$q(Wilbur Olin),$d1844-1907.$0http://id.loc.gov/authorities/names/n91072297
=700  1\$aWoods, Charles D.$0http://id.loc.gov/authorities/names/n90726393
=710  1\$aUnited States.$bDepartment of Agriculture.
=710  1\$aUnited States.$bOffice of Experiment Stations.$0http://id.loc.gov/authorities/names/n82110275
=776  08$iOnline version:$aGibson, H.B.$tDietary studies at the University of Missouri in 1895, and data relating to bread and meat consumption in Missouri.$dWashington : G.P.O., 1896$w(OCoLC)1039550874
=830  \0$aBulletin (United States. Office of Experiment Stations) ;$vno. 31.
=856  41$uhttps://archive.org/details/dietarystudiesat31gibs
=911  \\$ichl00167120
=912  \\$analcatalog
=930  \\$a20140702$b20140807$c00000000
=939  \\$a20140304$b20140404$c00000000
=939  \\$a20080611$b20080704$c00000000
=945  \\$aDigiMet
=945  \\$p30
=946  \\$aOther US
=959  \\$c2014-03-04$earojas$gap
=994  \\$a92$bAGL

