=LDR  02099cam a2200565Ia 4500
=001  9915552044207426
=005  20240620123517.0
=007  he\bmb024bbca
=008  990210s1996\\\\utub\\\\bb\\\f000\0\eng\d
=016  7\$aCAT10861469$2DNAL
=035  \\$a806319
=035  \\$a(OCoLC)38175917
=035  \\$a(DNAL)806319-naldb-Voyager
=040  \\$aGPO$beng$cGPO$dCZL$dOCLCQ$dOCLCF$dOCLCQ$dUOK$dOCLCA$dAGL
=043  \\$an-us-ut
=049  \\$aAGLL
=050  \0$aSD11$b.A455453
=070  0\$aFiche$bS-133 (A 13.78:INT-RP-491 )
=072  \0$aL100
=072  \0$aL300
=074  \\$a0083-B (MF)
=086  0\$aA 13.78:INT-RP-491
=245  00$aElk and domestic sheep interactions in a north-central Utah aspen ecosystem /$cJeffrey L. Beck [and others].
=260  \\$aOgden, UT :$bU.S. Dept. of Agriculture, Forest Service, Intermountain Research Station,$c[1996]
=300  \\$a114 pages :$bmaps ;$c28 cm.
=336  \\$atext$btxt$2rdacontent
=337  \\$amicroform$bh$2rdamedia
=338  \\$amicrofiche$bhe$2rdacarrier
=490  1\$aResearch paper INT-RP ;$v491
=504  \\$aIncludes bibliographical references (pages 68-72).
=533  \\$aMicrofiche.$b[Washington, D.C.] :$cSupt. of Docs., U.S. G.P.O.,$d1997.$e5 microfiches : negative.
=591  \\$bNAL Reclamation
=593  \\$fAgricola CAT
=650  \0$aElk$xEcology$zUtah.
=650  \0$aSheep$xEcology$zUtah.
=650  \0$aGrazing$xEnvironmental aspects$zUtah.
=650  \0$aAspen$xEcology$zUtah.
=650  \0$aElk$xFeeding and feeds$zUtah.
=651  \7$aUtah.$2fast$0(OCoLC)fst01204563
=655  \3$aInternet resource.
=700  1\$aBeck, Jeffrey L.
=710  2\$aIntermountain Research Station (Ogden, Utah)$0http://id.loc.gov/authorities/names/n85066590
=710  1\$aUtah.$bDivision of Wildlife Resources.$0http://id.loc.gov/authorities/names/n80021625
=830  \0$aResearch paper INT ;$v491.
=856  41$uhttps://archive.org/details/elkdomesticsheep491beck
=912  \\$analcatalog
=930  \\$a20140305$b20140404$c00000000
=939  \\$a19990301$b19990308$c00000000
=945  \\$aDigiMet
=945  \\$p138
=946  \\$aUSDA
=994  \\$a92$bAGL

