=LDR  01962cam a2200493I  4500
=001  9915552071207426
=005  20240624190703.0
=008  980116s1938\\\\dcu\\\\\\b\\\f000\0\eng\\
=010  \\$aagr39000045 
=016  7\$aCAT10840213$2DNAL
=035  \\$a806906
=035  \\$a(OCoLC)04528458
=035  \\$a(DNAL)806906-naldb-Voyager
=040  \\$aDLC$beng$cCLE$dAGL$dOCLCQ$dOCLCG$dCLU$dOCLCA$dNUI$dOCLCA$dOCLCF$dOCLCQ$dOCLCO$dWURST$dOCL
=049  \\$aAGLL
=050  \0$aZ5074.E3$bU35 no. 75
=070  0\$a1.9$bEc73A no.75 1938
=072  \0$aF120
=086  0\$aA 36.13:75
=100  1\$aBercaw, Louise O.$q(Louise Oldham),$d1894-$ecompiler.$0http://id.loc.gov/authorities/names/n89616309
=245  14$aThe tobacco industry;$ba selected list of references on the economic aspects of the industry, 1932-June 1938.$cCompiled by Louise O. Bercaw under the direction of Mary G. Lacy.
=260  \\$aWashington,$c1938.
=300  \\$aviii, 337 pages$c27 cm.
=336  \\$atext$btxt$2rdacontent
=337  \\$aunmediated$bn$2rdamedia
=338  \\$avolume$bnc$2rdacarrier
=490  0\$aUnited States. Bureau of agricultural economics. [Library] Agricultural economics bibliography$vno. 75
=504  \\$a"Sources consulted": page vii.
=591  \\$bNAL Reclamation
=593  \\$fAgricola CAT
=650  \0$aTobacco industry$vBibliography.
=655  \7$aBibliographies.$2fast$0(OCoLC)fst01919895
=710  1\$aUnited States.$bBureau of Agricultural Economics.$0http://id.loc.gov/authorities/names/n80060900
=830  \0$aAgricultural economics bibliography ;$vno. 75.
=856  41$uhttps://archive.org/details/tobaccoindustrys75berc
=912  \\$analcatalog
=930  \\$a20140522$b20140606$c00000000
=939  \\$a19980201$b19980206$c00000000
=945  \\$aDigiMet
=945  \\$p360
=945  \\$aDigiMet
=946  \\$aUSDA
=958  \\$aresource$be$c2014-05-22$dn$ecreinhardt$hrecon
=959  \\$c2014-10-03$essouder$gurl
=959  \\$c2024-06-20$epdesai$fAMB$gother
=994  \\$a92$bAGL

