=LDR  02002cam a2200505Ia 4500
=001  9915552091707426
=005  20240620123542.0
=008  980103s1946\\\\dcuabd\\\\\\\f000\0\eng\d
=016  7\$aCAT10839366$2DNAL
=035  \\$a806117
=035  \\$a(OCoLC)26711686
=035  \\$a(DNAL)806117-naldb-Voyager
=040  \\$aZCU$beng$cZCU$dUIU$dAGL$dOCLCQ$dOCLCG$dWIH$dFUG$dNUI$dOCLCQ$dOCLCO$dOCLCF$dOCLCQ$dOCLCO$dVA@$dOCLCQ
=043  \\$an-us---
=049  \\$aAGLL
=050  \0$aS560$b.U5 no.55
=070  0\$a1.941$bL6F22 no.55
=072  \0$aE200
=086  0\$aA 36.118:55
=086  0\$aA 36.118: 56
=100  1\$aGoodsell, Wylie Daniel.$0http://id.loc.gov/authorities/names/n50034298
=245  10$aTypical family-operated farms, 1930-45 :$badjustments, costs, and returns /$c[by Wylie D. Goodsell, Ronald W. Jones and Russell W. Bierman].
=260  \\$a[Washington, D.C.] :$bU.S. Dept. of Agriculture, Bureau of Agricultural Economics,$c1946.
=300  \\$a91 pages :$billustrations, map, charts, tables ;$c27 cm
=336  \\$atext$btxt$2rdacontent
=337  \\$aunmediated$bn$2rdamedia
=338  \\$avolume$bnc$2rdacarrier
=490  1\$aF.M. ;$v55
=591  \\$bNAL Reclamation
=593  \\$fAgricola CAT
=650  \0$aFamily farms$zUnited States.
=650  \0$aFarmers$zUnited States$xEconomic conditions.
=651  \7$aUnited States.$2fast$0(OCoLC)fst01204155
=655  \3$aInternet resource.
=700  1\$aJones, Ronald Winthrop,$d1931-2022.$0http://id.loc.gov/authorities/names/n81052578
=700  1\$aBierman, Russell W.
=710  1\$aUnited States.$bBureau of Agricultural Economics.$0http://id.loc.gov/authorities/names/n80060900
=830  \0$aFM (United States. Bureau of Agricultural Economics) ;$v55.
=856  41$uhttps://archive.org/details/typicalfamilyope55unit
=912  \\$analcatalog
=930  \\$a20140812$b20140905$c00000000
=939  \\$a20130213$b20130304$c00000000
=939  \\$a19980201$b19980206$c00000000
=945  \\$aDigiMet
=945  \\$p100
=946  \\$aOther US
=994  \\$a92$bAGL

