=LDR  02572cam a2200589Ia 4500
=001  9915552107307426
=005  20240624190709.0
=008  980116s1942\\\\dcuab\\\\b\\\f000\0\eng\d
=016  7\$aCAT10840218$2DNAL
=019  \\$a19541198$a1049523755
=035  \\$a806911
=035  \\$a(OCoLC)05456782$z(OCoLC)19541198$z(OCoLC)1049523755
=035  \\$a(DNAL)806911-naldb-Voyager
=035  \\$z(OCoLC)19541198$z(OCoLC)1049523755
=040  \\$aKUK$beng$cKUK$dOCL$dAGL$dVWM$dIOQ$dOCLCQ$dOCLCF$dP4I$dOCLCQ$dOCLCO$dOKS$dNOC$dOCLCA$dEZC$dOCLCA$dWURST
=043  \\$an-us-pa
=049  \\$aAGLL
=050  \0$aHT431$b.K6
=070  0\$a1.941$bR5R881 no.4
=072  \0$aE500
=086  0\$aA 36.136:4
=100  1\$aKollmorgen, Walter M.$q(Walter Martin),$d1907-2008.
=245  10$aCulture of a contemporary rural community :$bthe Old Order Amish of Lancaster County, Pennsylvania /$cby Walter M. Kollmorgen.
=260  \\$aWashington, D.C. :$bU.S. Dept. of Agriculture, Bureau of Agricultural Economics,$c1942.
=300  \\$a105 pages :$billustrations, map ;$c28 cm.
=336  \\$atext$btxt$2rdacontent
=337  \\$aunmediated$bn$2rdamedia
=338  \\$avolume$bnc$2rdacarrier
=490  1\$aRural life studies ;$v4
=504  \\$aIncludes bibliographical references.
=530  \\$aAlso avaialble on the Internet.
=591  \\$bNAL Reclamation
=593  \\$fAgricola CAT
=650  \0$aAmish$xSocial life and customs.$0http://id.loc.gov/authorities/subjects/sh85004513
=650  \0$aMennonites$zPennsylvania.
=650  \0$aSociology, Rural.$0http://id.loc.gov/authorities/subjects/sh85124229
=650  \0$aAgriculture$zUnited States.$0http://id.loc.gov/authorities/subjects/sh85002470
=651  \7$aPennsylvania.$2fast$0(OCoLC)fst01204598
=651  \7$aUnited States.$2fast$0(OCoLC)fst01204155
=655  \3$aInternet resource.
=710  1\$aUnited States.$bBureau of Agricultural Economics.$0http://id.loc.gov/authorities/names/n80060900
=776  08$iOnline version:$aKollmorgen, Walter Martin, 1907-$tCulture of a contemporary rural community.$dWashington, D.C. : U.S. Dept. of Agriculture, Bureau of Agricultural Economics, 1942$w(OCoLC)647605616
=830  \0$aRural life studies ;$v4.
=856  41$uhttps://archive.org/details/cultureofcontemp04koll/page/n3/mode/2up
=912  \\$analcatalog
=930  \\$a20210614$b00000000$c00000000
=939  \\$a20130906$b20131018$c00000000
=939  \\$a19980201$b19980206$c00000000
=945  \\$aDigiMet
=945  \\$p118
=946  \\$aUSDA
=959  \\$c2013-09-06$essouder$gurl
=959  \\$c2021-06-14$earojas$gupgrade
=994  \\$a92$bAGL

