=LDR  02546cam a2200613Ia 4500
=001  9915552143807426
=005  20240624190712.0
=008  980116s1942\\\\iauab\\\\b\\\f000\0\eng\d
=016  7\$aCAT10840221$2DNAL
=035  \\$a806914
=035  \\$a(OCoLC)06186606
=035  \\$a(DNAL)806914-naldb-Voyager
=040  \\$aKUK$beng$cKUK$dCUY$dAGL$dYSM$dOCLCQ$dOCLCG$dOCLCQ$dP4I$dOCLCQ$dOCLCO$dOKS$dOCLCF$dVA@$dSNN$dOCLCQ
=043  \\$an-us-ia
=049  \\$aAGLL
=050  \0$aF629.I79$bM64 1942
=070  0\$a1.941$bR5R881 no.5
=072  \0$aE500
=086  0\$aA 36.136:5
=100  1\$aMoe, Edward O.
=245  10$aCulture of a contemporary rural community :$bIrwin, Iowa /$cby Edward O. Moe and Carl C. Taylor.
=260  \\$aWashington, D.C. :$bU.S. Dept. of Agriculture, Bureau of Agricultural Economics,$c1942.
=300  \\$a93 pages :$billustrations, map ;$c28 cm.
=336  \\$atext$btxt$2rdacontent
=337  \\$aunmediated$bn$2rdamedia
=338  \\$avolume$bnc$2rdacarrier
=490  1\$aRural life studies ;$vno. 5
=504  \\$aIncludes bibliographical references.
=530  \\$aAlso available on the Internet.
=591  \\$bNAL Reclamation
=593  \\$fAgricola CAT
=651  \0$aIrwin (Iowa)$xSocial life and customs.
=650  \0$aRural conditions.$0http://id.loc.gov/authorities/subjects/sh85115895
=650  \0$aAgricultural societies$zIowa$zShelby County.
=650  \0$aFarm life$zIowa$zShelby County.
=651  \0$aShelby County (Iowa)$xDescription and travel.
=651  \7$aIowa$zIrwin.$2fast$0(OCoLC)fst01203876
=651  \7$aIowa$zShelby County.$2fast$0(OCoLC)fst01212226
=655  \3$aInternet resource.
=700  1\$aTaylor, Carl C.$q(Carl Cleveland),$d1884-1975.$0http://id.loc.gov/authorities/names/n89659471
=710  1\$aUnited States.$bBureau of Agricultural Economics.$0http://id.loc.gov/authorities/names/n80060900
=776  08$iOnline version:$aMoe, Edward O.$tCulture of a contemporary rural community.$dWashington, D.C. : U.S. Dept. of Agriculture, Bureau of Agricultural Economics, 1942$w(OCoLC)610117996
=830  \0$aRural life studies ;$vno. 5.
=856  41$uhttp://archive.org/details/cultureofcontemp05moee
=912  \\$analcatalog
=930  \\$a20210621$b00000000$c00000000
=939  \\$a20130906$b20131018$c00000000
=939  \\$a20091001$b20091002$c00000000
=939  \\$a19980201$b19980206$c00000000
=945  \\$aDigiMet
=945  \\$p106
=946  \\$aUSDA
=959  \\$c2013-09-06$essouder$gurl
=959  \\$c2009-10-01$eryounger$gap
=959  \\$c2021-06-21$earojas$gupgrade
=994  \\$a92$bAGL

