=LDR  02156cam a2200577Ia 4500
=001  9915552195107426
=005  20240620131352.0
=008  980115s1997\\\\utuab\\\\bs\\f000\0\eng\d
=016  7\$aCAT10840141$2DNAL
=035  \\$a806809
=035  \\$a(OCoLC)37501795
=035  \\$a(DNAL)806809-naldb-Voyager
=040  \\$aFDA$beng$cFDA$dAGL$dOCL$dOCLCQ$dOCLCF$dOCLCQ$dOCLCO$dCOD$dOCLCO$dOCLCA$dAGM$dOCLCA$dWURST
=043  \\$an-us-ut
=049  \\$aAGLL
=050  \0$aSD11$b.O373 no.91, 1997
=070  0\$aA99.9$bF764Ub no.91
=072  \0$aK250
=086  0\$aA 13.80:INT-RB-91
=100  1\$aBrown, Mark J.$0http://id.loc.gov/authorities/names/n86064193
=245  10$aForest resource statistics for northern Utah, 1993 /$cMark J. Brown, Renee A. O'Brien.
=260  \\$aOgden, UT :$bU.S. Dept. of Agriculture, Forest Service, Intermountain Research Station,$c[1997]
=300  \\$a53 pages :$billustrations, color maps ;$c28 cm.
=336  \\$atext$btxt$2rdacontent
=337  \\$aunmediated$bn$2rdamedia
=338  \\$avolume$bnc$2rdacarrier
=490  1\$aResource bulletin INT ;$vRB-91
=504  \\$aIncludes bibliographical references (page 18).
=591  \\$bNAL Reclamation
=593  \\$fAgricola CAT
=650  \0$aForests and forestry$zUtah$vStatistics.
=650  \0$aTimber$zUtah$vStatistics.
=650  \3$aForest inventory.
=650  \3$aForest resources.
=650  \3$aForest ownership.
=650  \3$aForest statistics.
=651  \3$aUtah.
=651  \7$aUtah.$2fast$0(OCoLC)fst01204563
=655  \3$aInternet resource.
=655  \7$aStatistics.$2fast$0(OCoLC)fst01423727
=700  1\$aO'Brien, Renee.$0http://id.loc.gov/authorities/names/n84137364
=710  1\$aUnited States.$bDepartment of Agriculture.
=710  2\$aIntermountain Research Station (Ogden, Utah)$0http://id.loc.gov/authorities/names/n85066590
=830  \0$aResource bulletin INT ;$v91.
=856  41$uhttps://archive.org/details/forestresourcest91brow
=912  \\$analcatalog
=930  \\$a20140603$b20140704$c00000000
=939  \\$a20011202$b20011206$c00000000
=945  \\$dAR$e98/01/15$fAR$g98/01/15$n1
=945  \\$p64
=945  \\$aDigiMet
=946  \\$aUSDA
=994  \\$a92$bAGL

