=LDR  01558cam a2200445 a 4500
=001  9915552220507426
=005  20240620131351.0
=008  980109s1945\\\\dcuab\\\\\\\\f000\0\eng\d
=016  7\$aCAT10839735$2DNAL
=035  \\$a806369
=035  \\$a(OCoLC)26747632
=035  \\$a(DNAL)806369-naldb-Voyager
=040  \\$aZCU$beng$cZCU$dAGL$dOCLCQ$dNUI$dOCLCQ$dOCLCF$dOCLCQ$dOCLCO$dOCLCQ
=043  \\$an-us---
=049  \\$aAGLL
=050  \0$aS560$b.U5
=070  0\$a1.941$bL6F22 no.48
=072  \0$aF120
=086  0\$aA 36.118:48
=110  1\$aUnited States.$bBureau of Agricultural Economics.$0http://id.loc.gov/authorities/names/n80060900
=245  10$aWheat production in war and peace /$cby Carl P. Heisig, Ernest R. Ahrendes, and Della E. Merrick.
=260  \\$aWashington :$bU.S. Dept. of Agriculture, Bureau of Agricultural Economics,$c[1945]
=300  \\$a43 pages :$billustrations, map ;$c27 cm
=336  \\$atext$btxt$2rdacontent
=337  \\$aunmediated$bn$2rdamedia
=338  \\$avolume$bnc$2rdacarrier
=490  1\$aFM ;$v48
=591  \\$bNAL Reclamation
=593  \\$fAgricola CAT
=650  \0$aWheat$zUnited States.
=651  \7$aUnited States.$2fast$0(OCoLC)fst01204155
=655  \3$aInternet resource.
=700  1\$aHeisig, Carl P.
=830  \0$aFM (United States. Bureau of Agricultural Economics) ;$v48.
=856  41$uhttps://archive.org/details/wheatproductioni48unit
=912  \\$analcatalog
=930  \\$a20140812$b20140905$c00000000
=939  \\$a19980201$b19980206$c00000000
=945  \\$aDigiMet
=945  \\$p62
=946  \\$aUSDA
=994  \\$a92$bAGL

