=LDR  01687cam a2200457Ia 4500
=001  9915552243107426
=005  20240620131406.0
=008  980109s1942\\\\dcu\\\\\\\\\\f000\0\eng\d
=016  7\$aCAT10839725$2DNAL
=035  \\$a806361
=035  \\$a(OCoLC)13747650
=035  \\$a(DNAL)806361-naldb-Voyager
=040  \\$aCUY$beng$cCUY$dOCL$dAGL$dOCLCQ$dNUI$dOCLCQ$dOCLCF$dOCLCQ$dOCLCO$dOCL
=043  \\$an-us---
=049  \\$aAGLL
=050  \0$aHD1765 1942$b.A28
=070  0\$a1.941$bA5W26
=072  \0$aE100
=086  0\$aA 36.2:W 26/4
=110  1\$aUnited States.$bBureau of Agricultural Economics.$0http://id.loc.gov/authorities/names/n80060900
=245  10$aWartime work program of the Bureau of agricultural economics.
=260  \\$aWashington, D.C. :$bU.S. Dept. of Agriculture,$c1942.
=300  \\$a2 pages, 63 pages ;$c27 cm
=336  \\$atext$btxt$2rdacontent
=337  \\$aunmediated$bn$2rdamedia
=338  \\$avolume$bnc$2rdacarrier
=591  \\$bNAL Reclamation
=593  \\$fAgricola CAT
=610  10$aUnited States.$bBureau of Agricultural Economics$0http://id.loc.gov/authorities/names/n80060900
=610  17$aUnited States.$bBureau of Agricultural Economics$2fast$0(OCoLC)fst00544537
=650  \0$aWorld War, 1939-1945$xEconomic aspects$zUnited States.
=651  \7$aUnited States.$2fast$0(OCoLC)fst01204155
=647  \7$aWorld War$d(1939-1945)$2fast$0(OCoLC)fst01180924
=648  \7$a1939-1945$2fast
=655  \3$aInternet resource.
=856  41$uhttps://archive.org/details/wartimeworkprogr00unit
=912  \\$analcatalog
=930  \\$a20140505$b20140606$c00000000
=939  \\$a19980201$b19980206$c00000000
=945  \\$aDigiMet
=945  \\$p76
=946  \\$aUSDA
=994  \\$a92$bAGL

