=LDR  02381cam a2200553Ia 4500
=001  9915552258607426
=005  20240624190659.0
=008  980109s1948\\\\dcua\\\\\\\\\f000\0\eng\d
=016  7\$aCAT10839731$2DNAL
=035  \\$a806365
=035  \\$a(OCoLC)23109299
=035  \\$a(DNAL)806365-naldb-Voyager
=040  \\$aTXU$beng$cTXU$dAGL$dYSM$dOCLCQ$dOCLCG$dAGL$dOCLCQ$dOCLCF$dOCLCO$dOCLCQ$dOCLCO$dOKS
=043  \\$an-us---
=049  \\$aAGLL
=050  \0$aHD1525$b.A45
=070  0\$a1.941$bR3T722
=072  \0$aE200
=072  \0$aE110
=086  0\$aA 36.2:T 26/2
=100  1\$aTaylor, Carl C.$q(Carl Cleveland),$d1884-1975.$0http://id.loc.gov/authorities/names/n89659471
=245  10$aTrends in the tenure status of farm workers in the United States since 1880 /$cby Carl C. Taylor, Louis J. Ducoff and Margaret Jarman Hagood.
=260  \\$aWashington, D.C. :$bU.S. Dept. of Agriculture, Bureau of Agricultural Economics,$c1948.
=300  \\$a36 pages :$billustrations ;$c27 cm
=336  \\$atext$btxt$2rdacontent
=337  \\$aunmediated$bn$2rdamedia
=338  \\$avolume$bnc$2rdacarrier
=530  \\$aAlso issued online.
=591  \\$bNAL Reclamation
=593  \\$fAgricola CAT
=650  \0$aFarm tenancy$zUnited States.
=650  \0$aLand tenure$zUnited States.
=651  \7$aUnited States.$2fast$0(OCoLC)fst01204155
=655  \3$aInternet resource.
=700  1\$aDucoff, Louis J.$q(Louis Jay),$d1909-2001.$0http://id.loc.gov/authorities/names/n90636831
=700  1\$aHagood, Margaret Jarman,$d1907-1963.$0http://id.loc.gov/authorities/names/n96049607
=710  1\$aUnited States.$bBureau of Agricultural Economics.$0http://id.loc.gov/authorities/names/n80060900
=776  08$iOnline version:$aTaylor, Carl C. (Carl Cleveland), 1884-1975.$tTrends in the tenure status of farm workers in the United States since 1880.$dWashington, D.C. : U.S. Dept. of Agriculture, Bureau of Agricultural Economics, 1948$w(OCoLC)644999819
=856  41$uhttps://archive.org/details/trendsintenurest00tayl
=912  \\$analcatalog
=930  \\$a20140505$b20140606$c00000000
=939  \\$a20100721$b20100807$c00000000
=939  \\$a20091001$b20091002$c00000000
=939  \\$a19980201$b19980206$c00000000
=945  \\$aDigiMet
=945  \\$p44
=946  \\$aUSDA
=959  \\$c2009-10-01$eryounger$gap
=959  \\$c2010-07-20$edcollins$gap
=959  \\$c2010-07-21$earojas$gap
=994  \\$a92$bAGL

