=LDR  02093cam a2200505Ia 4500
=001  9915552280807426
=005  20240624190702.0
=008  980103s1939\\\\dcu\\\\\\b\\\f000\0\eng\d
=010  \\$aagr39000047 
=016  7\$aCAT10839365$2DNAL
=035  \\$a806116
=035  \\$a(OCoLC)26608128
=035  \\$a(DNAL)806116-naldb-Voyager
=040  \\$aZCU$beng$cZCU$dAGL$dOCL$dOCLCQ$dUBC$dOHI$dOCLCQ$dOCLCF$dOCLCO$dCOD$dOCL$dOCLCO
=043  \\$an-us---
=049  \\$aAGLL
=050  10$aZ5074.E3$bU35 V. 77
=070  0\$a1.9$bEc73A no.77 1939
=072  \0$aE200
=086  0\$aA 36.13:77
=100  1\$aHennefrund, Helen E.$q(Helen Emma),$d1909-,$4com$0http://id.loc.gov/authorities/names/no2019071680
=245  10$aPart-time farming in the United States :$ba selected list of references /$ccompiled by Helen E. Hennefrund under the direction of Mary G. Lacy.
=260  \\$aWashington :$bU.S. Dept. of Agriculture, Bureau of Agricultural Economics,$c[1939]
=300  \\$avi, 272 pages ;$c27 cm.
=336  \\$atext$btxt$2rdacontent
=337  \\$aunmediated$bn$2rdamedia
=338  \\$avolume$bnc$2rdacarrier
=490  1\$aAgricultural economics bibliography ;$vno. 77
=504  \\$a"Sources consulted": page vi.
=591  \\$bNAL Reclamation
=593  \\$fAgricola CAT
=650  \0$aPart-time farming$zUnited States$vBibliography.
=650  \0$aAgriculture$xEconomic aspects$vBibliography.
=651  \7$aUnited States.$2fast$0(OCoLC)fst01204155
=655  \7$aBibliographies.$2fast$0(OCoLC)fst01919895
=710  1\$aUnited States.$bBureau of Agricultural Economics.$0http://id.loc.gov/authorities/names/n80060900
=776  08$iMicrofilm:$aUnited States. Bureau of Agricultural Economics. Library.$tPart-time farming in the United States$w(OCoLC)32764417
=830  \0$aAgricultural economics bibliography ;$vno. 77.
=856  41$uhttps://archive.org/details/parttimefarmingi77unit
=912  \\$analcatalog
=930  \\$a20140523$b20140606$c00000000
=939  \\$a19980201$b19980206$c00000000
=945  \\$aDigiMet
=945  \\$p289
=946  \\$aOther US
=959  \\$c2014-10-03$essouder$gurl
=994  \\$a92$bAGL

