=LDR  01677cam a2200469I  4500
=001  9915552285507426
=005  20240620131411.0
=008  980105s1946\\\\dcua\\\\\\\\\f000\0\eng\d
=016  7\$aCAT10839389$2DNAL
=035  \\$a806123
=035  \\$a(OCoLC)12226790
=035  \\$a(DNAL)806123-naldb-Voyager
=040  \\$aALM$beng$cALM$dAGL$dFUG$dNUI$dOCLCQ$dOCLCF$dOCLCQ
=049  \\$aAGLL
=050  \0$aHD9490.A2$bU59
=070  0\$a1.941$bL6F22 no.54
=072  \0$aF140
=086  0\$aA 36.118:54
=110  1\$aUnited States.$bBureau of Agricultural Economics.$0http://id.loc.gov/authorities/names/n80060900
=245  10$aWorld trends in major oil crops,$cby Peter L. Hansen.
=260  \\$aWashington,$c1946.
=300  \\$a62 pages :$billustrations ;$c27 cm.
=336  \\$atext$btxt$2rdacontent
=337  \\$aunmediated$bn$2rdamedia
=338  \\$avolume$bnc$2rdacarrier
=490  1\$aIts FM 54
=591  \\$bNAL Reclamation
=593  \\$fAgricola CAT
=650  \0$aOilseed plants.$0http://id.loc.gov/authorities/subjects/sh85094418
=650  \3$aspecialty crops.
=650  \3$aplant cultural practices.
=650  \3$acrop production.
=655  \3$aInternet resource.
=700  1\$aHansen, Peter Lenbye,$d1902-
=776  08$iOnline version:$aUnited States. Bureau of Agricultural Economics.$tWorld trends in major oil crops.$dWashington, 1946$w(OCoLC)974430840
=830  \0$aFM (United States. Bureau of Agricultural Economics) ;$v54.
=856  41$uhttps://archive.org/details/worldtrendsinmaj54unit
=912  \\$analcatalog
=930  \\$a20140812$b20140905$c00000000
=939  \\$a19980201$b19980206$c00000000
=945  \\$aDigiMet
=945  \\$p70
=946  \\$aOther US
=994  \\$a92$bAGL

