=LDR  02181cam a2200541Ia 4500
=001  9915552455007426
=005  20240620131212.0
=008  980102s1962\\\\dcua\\\\\b\\\f000\0\eng\d
=010  \\$aagr63000062 
=016  7\$aCAT10839324$2DNAL
=035  \\$a806073
=035  \\$a(OCoLC)11664945
=035  \\$a(DNAL)806073-naldb-Voyager
=040  \\$aIEJ$beng$cIEJ$dAGL$dIUL$dOCLCQ$dOCLCG$dOCLCA$dOCLCQ$dOCLCO$dOCLCF$dOCLCQ$dOCLCO$dSFR$dGZM$dOCLCA$dWURST
=043  \\$aa-ii---$aa-ja---$an-us---
=049  \\$aAGLL
=050  \0$aHD1411$b.U6 no. 42
=070  0\$aA281.9$bAg83 no.42
=072  \0$aE700
=072  \0$aT000
=086  0\$aA 93.21/2:42
=100  1\$aBrown, Lester R.$q(Lester Russell),$d1934-$0http://id.loc.gov/authorities/names/n79091334
=245  10$aFood consumption and expenditures :$bIndia, Japan, United States /$c[by Lester R. Brown].
=260  \\$a[Washington, D.C.] :$bRegional Analysis Division, Economic Research Service, U.S. Dept. of Agriculture,$c1962.
=300  \\$aii, 15 pages :$billustrations ;$c26 cm.
=336  \\$atext$btxt$2rdacontent
=337  \\$aunmediated$bn$2rdamedia
=338  \\$avolume$bnc$2rdacarrier
=490  1\$aERS-foreign ;$v42
=504  \\$a"Literature cited": page 15.
=591  \\$bNAL Reclamation
=593  \\$fAgricola CAT
=650  \0$aFood consumption$zIndia.
=650  \0$aFood consumption$zJapan.
=650  \0$aFood consumption$zUnited States.
=650  \0$aFood prices.$0http://id.loc.gov/authorities/subjects/sh85050307
=651  \7$aIndia.$2fast$0(OCoLC)fst01210276
=651  \7$aJapan.$2fast$0(OCoLC)fst01204082
=651  \7$aUnited States.$2fast$0(OCoLC)fst01204155
=655  \3$aInternet resource.
=776  08$iOnline version:$aBrown, Lester R. (Lester Russell), 1934-$tFood consumption and expenditures.$d[Washington, D.C.] : Regional Analysis Division, Economic Research Service, U.S. Dept. of Agriculture, 1962$w(OCoLC)1087487042
=830  \0$aERS-foreign ;$v42.
=856  41$uhttps://archive.org/details/foodconsumptione42brow
=912  \\$analcatalog
=930  \\$a20140305$b20140404$c00000000
=939  \\$a19980201$b19980206$c00000000
=945  \\$aDigiMet
=945  \\$p26
=946  \\$aOther US
=994  \\$a92$bAGL

