=LDR  02145cam a2200565Ia 4500
=001  9915552643607426
=005  20240624162847.0
=008  980116s1943\\\\gauab\\\\b\\\f000\0\eng\d
=016  7\$aCAT10840220$2DNAL
=035  \\$a806913
=035  \\$a(OCoLC)06177576
=035  \\$a(DNAL)806913-naldb-Voyager
=040  \\$aKUK$beng$cKUK$dCUY$dAGL$dOCLCQ$dPHA$dOCLCQ$dOCLCA$dOCLCF$dP4I$dOCLCQ$dOCLCO$dOKS$dOCLCA
=043  \\$an-us-ga
=049  \\$aAGLL
=050  \0$aF294.H37$bW96 1943
=070  0\$a1.941$bR5R881 no.6
=072  \0$aE500
=086  0\$aA 36.136:6
=100  1\$aWynne, Waller.
=245  10$aCulture of a contemporary rural community :$bHarmony, Georgia /$cby Waller Wynne.
=260  \\$aWashington, D.C. :$bU.S. Dept. of Agriculture, Bureau of Agricultural Economics,$c[1943]
=300  \\$a58 pages :$billustrations, maps ;$c28 cm.
=336  \\$atext$btxt$2rdacontent
=337  \\$aunmediated$bn$2rdamedia
=338  \\$avolume$bnc$2rdacarrier
=490  1\$aApplied Anthropology Documentation Project ;$vaa138
=490  1\$aRural life studies ;$vno. 6
=504  \\$aIncludes bibliographical references.
=530  \\$aAlso available on the Internet.
=591  \\$bNAL Reclamation
=593  \\$fAgricola CAT
=651  \0$aHarmony (Ga.)$xSocial life and customs.
=650  \0$aRural conditions.$0http://id.loc.gov/authorities/subjects/sh85115895
=650  \0$aFarm life$zGeorgia.
=651  \7$aGeorgia.$2fast$0(OCoLC)fst01204622
=651  \7$aGeorgia$zHarmony.$2fast$0(OCoLC)fst01341585
=655  \3$aInternet resource.
=710  1\$aUnited States.$bBureau of Agricultural Economics.$0http://id.loc.gov/authorities/names/n80060900
=830  \0$aApplied Anthropology Documentation Project ;$vaa138.
=830  \0$aRural life studies ;$vno. 6.
=856  41$uhttps://archive.org/details/cultureofcontemp06wynn/page/n3/mode/2up
=912  \\$analcatalog
=930  \\$a20210614$b00000000$c00000000
=939  \\$a20130906$b20131018$c00000000
=939  \\$a19980201$b19980206$c00000000
=945  \\$aDigiMet
=945  \\$p74
=946  \\$aUSDA
=959  \\$c2013-09-06$essouder$gurl
=959  \\$c2021-06-14$earojas$gupgrade
=994  \\$a92$bAGL

