=LDR  02237cam a2200541Ia 4500
=001  9915552655207426
=005  20240620131303.0
=008  980114s1997\\\\dcua\\\\\\\\\f000\0\eng\d
=016  7\$aCAT10840036$2DNAL
=035  \\$a806667
=035  \\$a(OCoLC)37809401
=035  \\$a(DNAL)806667-naldb-Voyager
=040  \\$aGPO$beng$cGPO$dAGL$dGPO$dOCLCQ$dOCLCO$dOCLCF$dOCLCO$dOCLCA$dSFR$dOCLCQ
=043  \\$an-us---
=049  \\$aAGLL
=070  0\$a1$bAg84M no.1543
=072  \0$aP000
=072  \0$aX800
=074  \\$a0013-A
=074  \\$a0013-A (online)
=086  0\$aA 1.38:1543
=245  00$aManaging wildlife damage :$bthe mission of APHIS' wildlife services program.
=246  30$aMission of APHIS' wildlife services program
=260  \\$a[Washington, D.C.?] :$bU.S. Dept. of Agriculture, Animal and Plant Health Inspection Service,$c[1997]
=300  \\$a11 pages :$bcolor illustrations ;$c14 x 22 cm.
=336  \\$atext$btxt$2rdacontent
=337  \\$aunmediated$bn$2rdamedia
=338  \\$avolume$bnc$2rdacarrier
=490  1\$aMiscellaneous publication ;$vno. 1543
=530  \\$aAlso available via Internet from the Service's web site.
=591  \\$bNAL Reclamation
=593  \\$fAgricola CAT
=610  10$aUnited States.$bAnimal and Plant Health Inspection Service$xManagement.
=610  17$aUnited States.$bAnimal and Plant Health Inspection Service$2fast$0(OCoLC)fst00537191
=650  \0$aWildlife conservation$zUnited States.
=650  \0$aWildlife management$xGovernment policy$zUnited States.
=651  \7$aUnited States.$2fast$0(OCoLC)fst01204155
=655  \3$aInternet resource.
=710  1\$aUnited States.$bAnimal and Plant Health Inspection Service.
=776  08$iOnline version:$tManaging wildlife damage.$d[Washington, D.C.?] : U.S. Dept. of Agriculture, Animal and Plant Health Inspection Service, [1997]$w(OCoLC)626168947
=830  \0$aMiscellaneous publication (United States. Department of Agriculture) ;$vno. 1543.
=856  41$uhttps://archive.org/details/managingwildlife1543unit
=912  \\$analcatalog
=930  \\$a20140305$b20140404$c00000000
=939  \\$a19980201$b19980206$c00000000
=945  \\$dsp$e98/01/14$fsp$g98/01/14$n1
=945  \\$p16
=945  \\$aDigiMet
=946  \\$aOther US
=994  \\$a92$bAGL

