=LDR  02122cam a2200529Ia 4500
=001  9915552805707426
=005  20240624162836.0
=008  990419s1970\\\\dcu\\\\\\bs\\f000\0\eng\d
=016  7\$aCAT10865091$2DNAL
=035  \\$a829306
=035  \\$a(OCoLC)00167090
=035  \\$a(DNAL)829306-naldb-Voyager
=040  \\$aCSU$beng$cCSU$dOCL$dAGL$dOCL$dIUL$dOCLCQ$dOCLCF$dOCLCO
=043  \\$af------$aaw-----
=049  \\$aAGLL
=070  0\$aA281.9$bAg83 no.265 1970
=072  \0$aE100
=086  0\$aA 93.21/2:265/960-969
=245  00$aIndices of agricultural production 1960-69 in Africa and the Near East.
=250  \\$aRev. Apr. 1970.
=260  \\$aWashington, D.C. :$bU.S. Dept. of Agriculture, Economic Research Service, Foreign Regional Analysis Division,$c[1970]
=300  \\$aiv, 49 pages ;$c26 cm.
=336  \\$atext$btxt$2rdacontent
=337  \\$aunmediated$bn$2rdamedia
=338  \\$avolume$bnc$2rdacarrier
=490  1\$aERS-foreign ;$v265
=504  \\$aIncludes bibliographical references.
=591  \\$bNAL Reclamation
=593  \\$fAgricola CAT
=650  \0$aAgriculture$xEconomic aspects$zAfrica$vStatistics.
=650  \0$aAgriculture$xEconomic aspects$zMiddle East$vStatistics.
=651  \7$aAfrica.$2fast$0(OCoLC)fst01239509
=651  \7$aMiddle East.$2fast$0(OCoLC)fst01241586
=655  \3$aInternet resource.
=655  \7$aStatistics.$2fast$0(OCoLC)fst01423727
=710  1\$aUnited States.$bDepartment of Agriculture.$bEconomic Research Service.$bForeign Regional Analysis Division.$0http://id.loc.gov/authorities/names/n50058423
=710  1\$aUnited States.$bDepartment of Agriculture.$bEconomic Research Service.$bAfrica and Middle East Branch.$0http://id.loc.gov/authorities/names/n83218744
=830  \0$aERS-foreign ;$v265.
=856  41$uhttps://archive.org/details/indicesofagricul265unit_0
=912  \\$analcatalog
=930  \\$a20140305$b20140404$c00000000
=939  \\$a20060718$b20060804$c00000000
=939  \\$a19990503$b19990512$c00000000
=945  \\$dML$e99/04/13$fRY$g99/04/19$n1
=945  \\$p60
=945  \\$aDigiMet
=946  \\$aUSDA
=959  \\$c2013-04-02$essouder$gap
=994  \\$a92$bAGL

