=LDR  01887cam a2200517Ma 4500
=001  9915553042407426
=005  20240624162850.0
=008  800401s1965\\\\ohua\\\\\\\\\f000\0\eng\d
=016  7\$aCAT10226974$2DNAL
=019  \\$a979842565
=035  \\$a192841
=035  \\$a(OCoLC)62694606$z(OCoLC)979842565
=035  \\$a(DNAL)192841-naldb-Voyager
=035  \\$z(OCoLC)979842565
=040  \\$aMNU$beng$cMNU$dMTG$dOCLCO$dOCLCQ$dCOD$dOCLCF$dOCLCA$dAGM$dOCLCA$dAGL
=049  \\$aAGLL
=050  \0$aSD11$b.F7629 no.42
=070  \\$aA99.9$bF7629 no. 42
=072  \0$a4500
=086  0\$aA 13.79:CS-42
=100  1\$aHerrick, Owen W.$0http://id.loc.gov/authorities/names/n81008416
=245  10$aHarvesting costs and returns on a mechanized logging operation in southeast Kentucky /$c[Owen W. Herrick, Hoyt A. Wheeland].
=260  \\$aColumbus, Ohio. :$bCentral States Forest Experiment Station,$c1965.
=300  \\$a6 pages :$billustrations ;$c23 cm.
=336  \\$atext$btxt$2rdacontent
=337  \\$aunmediated$bn$2rdamedia
=338  \\$avolume$bnc$2rdacarrier
=490  1\$aResearch note CS ;$v42
=591  \\$bNAL Reclamation
=593  \\$fAgricola CAT
=650  \0$aLogging$xMachinery$xEconomic aspects$zKentucky.
=650  \3$aharvesting.
=650  \3$alogging.
=651  \3$aKentucky.
=651  \7$aKentucky.$2fast$0(OCoLC)fst01204494
=655  \3$aInternet resource.
=710  1\$aUnited States.$bDepartment of Agriculture.
=710  2\$aCentral States Forest Experiment Station (Columbus, Ohio)$0http://id.loc.gov/authorities/names/n50082298
=830  \0$aU.S. Forest Service research note CS ;$v42.
=856  41$uhttps://archive.org/details/harvestingcostsr42herr
=912  \\$analcatalog
=930  \\$a20140305$b20140404$c00000000
=939  \\$a20130104$b20130201$c00000000
=945  \\$aDigiMet
=945  \\$p12
=946  \\$aUSDA
=959  \\$c2013-01-04$ejgilbert$glf
=994  \\$a92$bAGL

