=LDR  01959cam a2200517Ia 4500
=001  9915553044807426
=005  20240624162902.0
=008  800401s1966\\\\dcua\\\\\\\\\f000\0\eng\d
=016  7\$aCAT10226808$2DNAL
=035  \\$a192354
=035  \\$a(OCoLC)70115702
=035  \\$a(DNAL)192354-naldb-Voyager
=040  \\$aIWA$beng$cIWA$dOCLCQ$dOCLCG$dOCLCO$dOCLCQ$dOCLCA$dOCLCF$dAGL
=049  \\$aAGLL
=050  \0$aSB945.P64$bF43x 1966
=070  0\$aA420$bR31 no. 113
=072  \0$a3500
=086  0\$aA 77.15:33-113
=100  1\$aFeatherston, Paul E.,$eauthor.
=245  12$aA portable field cage for mass culturing aphid parasites /$cby Paul E. Featherston and John Eric Halfhill.
=260  \\$a[Washington, D.C.] :$bU.S. Dept. of Agriculture, Agricultural Research Service,$c[1966]
=300  \\$a7, [1] pages :$billustrations ;$c26 cm.
=336  \\$atext$btxt$2rdacontent
=337  \\$aunmediated$bn$2rdamedia
=338  \\$avolume$bnc$2rdacarrier
=490  1\$aARS-33-113
=530  \\$aAlso available online.
=591  \\$bNAL Reclamation
=593  \\$fAgricola CAT
=650  \0$aAphidophagous insects$xHousing.
=650  \0$aPredatory insects$xHousing.
=650  \0$aInsects as biological pest control agents.$0http://id.loc.gov/authorities/subjects/sh92004582
=650  \0$aPea aphid$xBiological control.
=655  \3$aInternet resource.
=700  1\$aHalfhill, J. E.$q(John Eric),$d1932-$0http://id.loc.gov/authorities/names/n81018826
=710  1\$aUnited States.$bAgricultural Research Service.
=830  \0$aARS (Series) (United States. Agricultural Research Service) ;$v33-113.
=856  41$uhttps://archive.org/details/portablefieldcag113feat
=912  \\$analcatalog
=930  \\$a20201015$b00000000$c00000000
=939  \\$a20140411$b20140502$c00000000
=939  \\$a20131022$b20131101$c00000000
=945  \\$aDigiMet
=945  \\$p14
=946  \\$aUSDA
=959  \\$c2013-10-22$essouder$gurl
=959  \\$c2020-10-14$ecbarone$gupgrade
=994  \\$a92$bAGL

