=LDR  02142cam a2200529 a 4500
=001  9915553059607426
=005  20240624162916.0
=008  800401s1966\\\\orua\\\\\b\\\f000\0\eng\d
=016  7\$aCAT10226725$2DNAL
=019  \\$a1039836180$a1231805997
=035  \\$a192111
=035  \\$a(OCoLC)58976581$z(OCoLC)1039836180$z(OCoLC)1231805997
=035  \\$a(DNAL)192111-naldb-Voyager
=035  \\$z(OCoLC)1039836180$z(OCoLC)1231805997
=040  \\$aORE$beng$cORE$dOCL$dMTG$dOCLCO$dOCLCQ$dOCLCF$dAGM$dWURST$dOCLCQ$dAGL
=043  \\$an-us-or
=049  \\$aAGLL
=050  \0$aSD143$b.U51 no.33
=070  \\$aA99.9$bF7625U no. 33
=072  \0$a4500
=086  0\$aA 13.79:PNW-33
=100  1\$aDealy, J. Edward.$0http://id.loc.gov/authorities/names/n82088871
=245  10$aBitterbrush nutrition levels under natural and thinned ponderosa pine /$cby J. Edward Dealy.
=260  \\$aPortland, Or. :$bPacific Northwest Forest and Range Experiment Station, U.S. Dept. of Agriculture,$c[1966]
=300  \\$a6 pages :$billustrations ;$c28 cm
=336  \\$atext$btxt$2rdacontent
=337  \\$aunmediated$bn$2rdamedia
=338  \\$avolume$bnc$2rdacarrier
=490  1\$aU.S. Forest Service research note PNW ;$v33
=504  \\$aIncludes bibliographical references.
=591  \\$bNAL Reclamation
=593  \\$fAgricola CAT
=650  \0$aPurshia tridentata$xEffect of forest management on$zOregon$zPringle Falls Experimental Forest.
=650  \0$aPurshia tridentata$zOregon$zPringle Falls Experimental Forest$xComposition.
=650  \3$aPinus ponderosa.
=650  \3$aPurshia tridentata.
=650  \3$aNutrition.
=651  \7$aOregon$zPringle Falls Experimental Forest.$2fast$0(OCoLC)fst01278512
=655  \3$aInternet resource.
=710  2\$aPacific Northwest Forest and Range Experiment Station (Portland, Or.)$0http://id.loc.gov/authorities/names/n80126131
=830  \0$aU.S. Forest Service research note PNW ;$v33.
=856  41$uhttps://archive.org/details/bitterbrushnutri33deal
=912  \\$analcatalog
=930  \\$a20140506$b00000000$c00000000
=945  \\$aDigiMet
=945  \\$p10
=946  \\$aUSDA
=959  \\$c2014-05-06$earojas$gap
=994  \\$a92$bAGL

