=LDR  02186cam a2200481 a 4500
=001  9915553068007426
=005  20240620112922.0
=008  800401s1966\\\\utua\\\\\\\\\f000\0\eng\d
=016  7\$aCAT10226864$2DNAL
=019  \\$a1231745427
=035  \\$a192515
=035  \\$a(OCoLC)401140606$z(OCoLC)1231745427
=035  \\$a(DNAL)192515-naldb-Voyager
=035  \\$z(OCoLC)1231745427
=040  \\$aMNU$beng$cMNU$dMTG$dOCLCF$dOCLCQ$dAGM$dOCLCO$dOCLCQ$dAGM$dAGL
=049  \\$aAGLL
=070  \\$aA99.9$bF764Un no. 41
=072  \0$a4500
=086  0\$aA 13.79:INT-41
=100  1\$aGeorge, C. W.$q(Charles W.)$0http://id.loc.gov/authorities/names/n80031679
=245  10$aFire retardant viscosity measured by modified marsh funnel /$cCharles W. George and Charles E. Hardy.
=260  \\$aOgden, Utah :$bIntermountain Forest and Range Experiment Station, Forest Service, United States Department of Agriculture,$c1966.
=300  \\$a4 pages :$billustrations ;$c27 cm
=336  \\$atext$btxt$2rdacontent
=337  \\$aunmediated$bn$2rdamedia
=338  \\$avolume$bnc$2rdacarrier
=490  1\$aU.S. Forest Service research note INT ;$v41
=591  \\$bNAL Reclamation
=593  \\$fAgricola CAT
=650  \0$aFireproofing agents.$0http://id.loc.gov/authorities/subjects/sh85048568
=650  \3$aFlame retardants.
=650  \3$aInstrumentation.
=655  \3$aInternet resource.
=700  1\$aHardy, Charles E.$0http://id.loc.gov/authorities/names/n83143104
=710  2\$aIntermountain Forest and Range Experiment Station (Ogden, Utah)$0http://id.loc.gov/authorities/names/n79062786
=710  1\$aUnited States.$bForest Service.$0http://id.loc.gov/authorities/names/n79054932
=776  08$iOnline version:$aGeorge, C.W. (Charles W.).$tFire retardant viscosity measured by modified marsh funnel.$dOgden, Utah : Intermountain Forest and Range Experiment Station, Forest Service, United States Department of Agriculture, 1966$w(OCoLC)729510669
=830  \0$aU.S. Forest Service research note INT ;$v41.
=856  41$uhttps://archive.org/details/fireretardantvis41geor
=912  \\$analcatalog
=930  \\$a20140604$b00000000$c00000000
=945  \\$aDigiMet
=945  \\$p8
=946  \\$aUSDA
=994  \\$a92$bAGL

