=LDR  01756cam a2200481I  4500
=001  9915553077007426
=005  20240624162913.0
=008  800401\\\\\\\\\dcu\\\\\\\\\\\000\\\eng\d
=016  7\$aCAT10251847$2DNAL
=035  \\$90251-84760
=035  \\$a192967
=035  \\$a(OCoLC)10077189
=035  \\$a(DNAL)192967-naldb-Voyager
=040  \\$aAGL$dAGL
=049  \\$aAGLL
=070  0\$aA56.9$bR31 no. 151
=072  \0$a3000
=100  1\$aEdwards, W. M.,$eauthor.
=245  10$aImprovements in automatic sampling equipment used to determine extent of pollution in runoff from agricultural watersheds /$cW.M. Edwards, W.W. Bentz, and L.L. Harrold.
=260  \\$a[Beltsville, Md.] :$bAgricultural Research Service, U.S. Department of Agriculture,$c1969.
=300  \\$a16 pages :$billustrations.
=336  \\$atext$btxt$2rdacontent
=337  \\$aunmediated$bn$2rdamedia
=338  \\$avolume$bnc$2rdacarrier
=490  1\$aARS ;$v41-151
=500  \\$aIssued May 1969.
=504  \\$aIncludes bibliographical reference.
=530  \\$aAlso available online.
=593  \\$fAgricola CAT
=650  \0$aRunoff$xMeasurement$xEquipment and supplies.
=650  \0$aWater$xPollution.
=655  \3$aInternet resource
=700  1\$aBentz, W. W.,$eauthor.
=700  1\$aHarrold, L. L.$q(Lloyd L.),$d1915-$eauthor.
=710  1\$aUnited States.$bAgricultural Research Service,$eissuing body.
=830  \0$aARS (Series) (United States. Agricultural Research Service) ;$v41-151.
=856  41$uhttps://archive.org/details/improvementsinau15edwa
=912  \\$analcatalog
=930  \\$a20201015$b00000000$c00000000
=939  \\$a20131022$b20131101$c00000000
=945  \\$aDigiMet
=945  \\$p24
=946  \\$aUSDA
=959  \\$c2013-10-22$essouder$gurl
=959  \\$c2020-10-15$ecbarone$gother

