=LDR  01922cam a2200481Ii 4500
=001  9915553134407426
=005  20240624162917.0
=008  800401s1969\\\\dcua\\\\\\\\\f000\0\eng\d
=016  7\$aCAT10251633$2DNAL
=019  \\$a979696411$a980047374$a1084304422
=035  \\$a192339
=035  \\$a(OCoLC)702197123$z(OCoLC)979696411$z(OCoLC)980047374$z(OCoLC)1084304422
=035  \\$a(DNAL)192339-naldb-Voyager
=035  \\$z(OCoLC)979696411$z(OCoLC)980047374$z(OCoLC)1084304422
=040  \\$aYUS$beng$erda$cYUS$dOCLCO$dOCLCQ$dEEM$dOCLCO$dOCLCF$dOCLCQ$dOKS$dOCLCA$dCOD$dAGL
=049  \\$aAGLL
=070  \\$aA381$bR31A no. 61
=072  \0$a3000
=086  0\$aA 77.15:73-61
=100  1\$aChortyk, O. T.,$eauthor.
=245  12$aA rapid vacuum evaporation system /$cO.T. Chortyk, C.F. Krewson, and H. John.
=264  \1$a[Washington, D.C.] :$bU.S. Department of Agriculture, Agricultural Research Service,$c1969.
=300  \\$a4 pages :$billustration ;$c27 cm.
=336  \\$atext$btxt$2rdacontent
=337  \\$aunmediated$bn$2rdamedia
=338  \\$avolume$bnc$2rdacarrier
=490  1\$aARS ;$v73-61
=591  \\$bNAL Reclamation
=593  \\$fAgricola CAT
=650  \0$aSolvents.$0http://id.loc.gov/authorities/subjects/sh85124746
=650  \0$aVacuum technology.$0http://id.loc.gov/authorities/subjects/sh85141743
=650  \0$aEvaporation.$0http://id.loc.gov/authorities/subjects/sh85045952
=655  \3$aInternet resource.
=700  1\$aKrewson, C. F.,$eauthor.
=700  1\$aJohn, H.,$eauthor.
=710  1\$aUnited States.$bAgricultural Research Service.$0http://id.loc.gov/authorities/names/n79108942
=830  \0$aARS (Series) (United States. Agricultural Research Service) ;$v73-61.
=856  41$uhttps://archive.org/details/rapidvacuumevapo7361chor
=912  \\$analcatalog
=930  \\$a20140414$b20140502$c00000000
=945  \\$aDigiMet
=945  \\$p10
=946  \\$aUSDA
=959  \\$c2014-04-14$earojas$gap
=994  \\$a92$bAGL

