=LDR  01742cam a2200457 a 4500
=001  9915553144207426
=005  20240624162915.0
=008  800401s1967\\\\dcua\\\\\\\\\f000\0\eng\d
=016  7\$aCAT10239204$2DNAL
=035  \\$a192299
=035  \\$a(OCoLC)225720055
=035  \\$a(DNAL)192299-naldb-Voyager
=040  \\$aAU@$beng$cAU@$dOCLCG$dMUU$dOCLCO$dOCLCF$dOCLCQ$dAGL$dOCLCQ
=049  \\$aAGLL
=070  0\$aA56.9$bR31 no. 136
=072  \0$a8500
=086  0\$aA 77.15:ARS-41-136
=100  1\$aHarrold, L. L.$q(Lloyd L.),$d1915-$0http://id.loc.gov/authorities/names/n88671843
=245  10$aAutomatic sampling technique to determine extent of pollution in runoff from agricultural watersheds /$c[by L.L. Harrold, H.L. Barrows, and W.W. Bentz.
=260  \\$aWashington, D.C. :$bU.S. Dept. of Agriculture, Agricultural Research Service,$c[1967]
=300  \\$a12 pages :$billustrations ;$c26 cm
=336  \\$atext$btxt$2rdacontent
=337  \\$aunmediated$bn$2rdamedia
=338  \\$avolume$bnc$2rdacarrier
=490  1\$aARS ;$v41-136
=591  \\$bNAL Reclamation
=593  \\$fAgricola CAT
=650  \0$aRunoff.$0http://id.loc.gov/authorities/subjects/sh85115871
=650  \0$aGroundwater$xSampling.$0http://id.loc.gov/authorities/subjects/sh85145523
=655  \3$aInternet resource.
=700  1\$aBarrows, H. L.
=700  1\$aBentz, W. W.
=830  \0$aARS (Series) (United States. Agricultural Research Service) ;$v41-136.
=856  41$uhttps://archive.org/details/automaticsamplin13harr
=912  \\$analcatalog
=930  \\$a20201014$b00000000$c00000000
=939  \\$a20160210$b20160304$c00000000
=945  \\$aDigiMet
=945  \\$p18
=946  \\$aUSDA
=958  \\$be$c2016-02-05$dn$edfriedma
=959  \\$c2016-02-10$earojas$gap
=994  \\$a92$bAGL

