=LDR  01056cam a2200349M  4500
=001  9915553154207426
=005  20240624162928.0
=008  800401s1967\\\\dcu\\\\\\\\\\\000\0\eng\d
=016  7\$aCAT10239203$2DNAL
=035  \\$a192296
=035  \\$a(OCoLC)1289058508
=035  \\$a(DNAL)192296-naldb-Voyager
=040  \\$aAGL$beng$cAGL
=049  \\$aAGLL
=070  \\$aA280.39$bR31A no. 21
=072  \0$a1500
=100  1\$aHarris, C. M.$q(C. Max),$d1934-
=245  10$aFreight shipment of California strawberries in mechanically refrigerated rail cars; test shipments, 1967.
=260  \\$a[Washington]$c1967.
=300  \\$a10 p.
=490  1\$aU.S. Agricultural Research Service. ARS 51-21
=504  \\$aBibliography: p. 10.
=591  \\$bNAL Reclamation
=593  \\$fAgricola CAT
=655  \3$aInternet resource.
=830  \0$aARS 51 ;$v21.
=856  41$uhttps://archive.org/details/freightshipmento21harr
=912  \\$analcatalog
=930  \\$a20140306$b00000000$c00000000
=945  \\$aDigiMet
=945  \\$p16
=946  \\$aUSDA
=959  \\$c2014-03-06$earojas$gap
=994  \\$a92$bAGL

