=LDR  01128cam a2200325I  4500
=001  9915553176307426
=005  20240624162916.0
=008  800401\\\\\\\\\oru\\\\\\\\\\\000\\\eng\d
=016  7\$aCAT10251703$2DNAL
=035  \\$90251-70360
=035  \\$a192539
=035  \\$a(DNAL)192539-naldb-Voyager
=040  \\$aAGL$dAGL
=049  \\$aAGLL
=070  \\$aA99.9$bF7625U no. 104
=072  \0$a4500
=100  10$aCopes, Donald Louis.
=245  00$aEffect of graft type on 6-month scion survival of field grown Douglas-fir grafts.
=260  00$a[Portland, Or.]$c1969.
=300  \\$a5 p.$billus.
=490  1\$aU.S. Pacific Northwest Forest and Range Experiment Station. U.S.D.A. Forest Service research note PNW-104
=500  \\$aIssued Apr. 1969.
=593  \\$fAgricola CAT
=655  \3$aInternet resource
=810  \\$aPacific Northwest Forest and Range Experiment Station (Portland, Or.).$tU.S.D.A. Forest Service research note.$vPNW-104.
=856  41$uhttps://archive.org/details/effectofgrafttyp104cope
=912  \\$analcatalog
=930  \\$a20140506$b00000000$c00000000
=945  \\$aDigiMet
=945  \\$p10
=946  \\$aUSDA
=959  \\$c2014-05-06$earojas$gap

